Store_ID,Month,Product_ID,total_revenue,revenue_percentage,total_units_sold,avg_selling_price,avg_inventory_level,cumulative_percent,abc_class
S001,2022-01,P0066,217715.21868295668,4.34,4022,54.13,174.71,4.34,A
S001,2022-01,P0126,211161.34611701962,4.21,4180,50.52,178.94,8.54,A
S001,2022-01,P0187,205504.2996107101,4.09,4214,48.77,195.03,12.64,A
S001,2022-01,P0016,198349.66060638428,3.95,3890,50.99,169.81,16.59,A
S001,2022-01,P0133,197096.17424554823,3.93,3974,49.6,173.65,20.52,A
S001,2022-01,P0057,193728.06553597454,3.86,4054,47.79,181.87,24.38,A
S001,2022-01,P0178,191077.4220331192,3.81,3614,52.87,164.68,28.18,A
S001,2022-01,P0046,189836.56943111419,3.78,3681,51.57,161.13,31.96,A
S001,2022-01,P0171,189673.0451284409,3.78,3032,62.56,141.94,35.74,A
S001,2022-01,P0125,188529.36306228637,3.76,4175,45.16,176.81,39.5,A
S001,2022-01,P0069,183353.20990362167,3.65,3886,47.18,171.84,43.15,A
S001,2022-01,P0149,178401.11867370602,3.55,3005,59.37,143.23,46.7,A
S001,2022-01,P0094,167763.02282390595,3.34,2842,59.03,149.00,50.05,A
S001,2022-01,P0083,167333.3861893177,3.33,3302,50.68,153.26,53.38,A
S001,2022-01,P0031,166219.15418205265,3.31,2997,55.46,142.77,56.69,A
S001,2022-01,P0061,165669.54067211153,3.3,3760,44.06,169.84,59.99,A
S001,2022-01,P0166,165569.17053894995,3.3,2899,57.11,140.32,63.29,A
S001,2022-01,P0183,164883.91313347814,3.28,2923,56.41,144.39,66.58,A
S001,2022-01,P0159,158926.0190282821,3.17,3056,52,150.94,69.74,A
S001,2022-01,P0116,149450.4332508087,2.98,2821,52.98,132.90,72.72,A
S001,2022-01,P0070,148629.7955682754,2.96,2672,55.62,137.35,75.68,A
S001,2022-01,P0129,144270.83955841063,2.87,2914,49.51,149.97,78.55,A
S001,2022-01,P0096,141597.85660991672,2.82,3082,45.94,146.39,81.37,B
S001,2022-01,P0017,138601.050494051,2.76,2812,49.29,139.35,84.14,B
S001,2022-01,P0068,137691.9861363411,2.74,2540,54.21,127.29,86.88,B
S001,2022-01,P0079,136594.62918376923,2.72,2716,50.29,135.55,89.6,B
S001,2022-01,P0067,133546.5638344765,2.66,2764,48.32,127.26,92.26,B
S001,2022-01,P0085,133185.5934167385,2.65,2700,49.33,123.35,94.91,B
S001,2022-01,P0175,129477.80783557892,2.58,2490,52,122.42,97.49,C
S001,2022-01,P0153,125823.25492401123,2.51,2453,51.29,130.84,100,C
S001,2022-02,P0178,222333.12644920347,4.93,3934,56.52,189.32,4.93,A
S001,2022-02,P0069,199504.06467552186,4.42,3410,58.51,170.68,9.36,A
S001,2022-02,P0061,199075.7882388115,4.42,3722,53.49,191.54,13.77,A
S001,2022-02,P0187,189213.5212067127,4.2,3810,49.66,188.75,17.97,A
S001,2022-02,P0126,182511.69370346068,4.05,3602,50.67,162.18,22.02,A
S001,2022-02,P0066,180896.33640670773,4.01,3621,49.96,188.57,26.03,A
S001,2022-02,P0057,180330.50487899783,4,3607,49.99,173.82,30.03,A
S001,2022-02,P0046,172747.23442230222,3.83,3721,46.42,186.36,33.86,A
S001,2022-02,P0016,168229.91367912292,3.73,3343,50.32,170.96,37.59,A
S001,2022-02,P0133,167805.07799801827,3.72,3407,49.25,166.21,41.31,A
S001,2022-02,P0129,163218.66892309193,3.62,2776,58.8,151.50,44.93,A
S001,2022-02,P0125,153685.6406522751,3.41,3634,42.29,176.39,48.34,A
S001,2022-02,P0079,148567.08182077407,3.29,2735,54.32,149.89,51.63,A
S001,2022-02,P0083,148140.33959846498,3.29,2453,60.39,131.43,54.92,A
S001,2022-02,P0067,147735.69135360717,3.28,2636,56.05,149.46,58.2,A
S001,2022-02,P0149,144954.53065109256,3.21,2651,54.68,146.00,61.41,A
S001,2022-02,P0068,144921.17531547547,3.21,2623,55.25,137.29,64.62,A
S001,2022-02,P0153,144793.88334350588,3.21,2445,59.22,142.21,67.84,A
S001,2022-02,P0096,140778.49343719482,3.12,2499,56.33,135.82,70.96,A
S001,2022-02,P0017,134017.5664642334,2.97,2530,52.97,128.54,73.93,A
S001,2022-02,P0116,133960.51545524597,2.97,2615,51.23,145.29,76.9,A
S001,2022-02,P0031,128699.12859740257,2.85,2405,53.51,128.64,79.76,A
S001,2022-02,P0159,125610.74178047181,2.79,2517,49.9,133.61,82.54,B
S001,2022-02,P0094,123755.87670783997,2.74,2439,50.74,139.46,85.29,B
S001,2022-02,P0085,121385.179445076,2.69,2311,52.52,137.71,87.98,B
S001,2022-02,P0175,120851.02648210524,2.68,2463,49.07,134.14,90.66,B
S001,2022-02,P0183,118103.66599349976,2.62,2390,49.42,127.29,93.28,B
S001,2022-02,P0166,103757.96378450394,2.3,2260,45.91,130.04,95.58,C
S001,2022-02,P0171,102749.19923257826,2.28,2284,44.99,128.89,97.86,C
S001,2022-02,P0070,96576.94217929839,2.14,2305,41.9,124.43,100,C
S001,2022-03,P0083,188457.9593792915,4.41,3268,57.67,151.87,4.41,A
S001,2022-03,P0187,167531.85274705887,3.92,2952,56.75,147.29,8.34,A
S001,2022-03,P0070,165009.61566066742,3.86,3059,53.94,142.58,12.2,A
S001,2022-03,P0085,162394.86292514802,3.8,2716,59.79,142.23,16,A
S001,2022-03,P0178,157756.99619455336,3.69,2550,61.87,135.13,19.7,A
S001,2022-03,P0096,153485.8718457222,3.59,3079,49.85,147.87,23.29,A
S001,2022-03,P0116,153418.41935157776,3.59,2950,52.01,146.74,26.88,A
S001,2022-03,P0175,148879.96248722076,3.49,2734,54.45,138.87,30.37,A
S001,2022-03,P0149,146638.51322727202,3.43,2518,58.24,140.55,33.8,A
S001,2022-03,P0031,145519.28932189944,3.41,2929,49.68,140.97,37.21,A
S001,2022-03,P0069,145432.84083547592,3.41,2704,53.78,135.81,40.61,A
S001,2022-03,P0166,144311.85132293703,3.38,2922,49.39,144.19,43.99,A
S001,2022-03,P0094,142213.24957971575,3.33,2890,49.21,149.52,47.32,A
S001,2022-03,P0171,142026.53320159912,3.33,3041,46.7,141.26,50.65,A
S001,2022-03,P0061,141733.59501395223,3.32,2916,48.61,146.45,53.97,A
S001,2022-03,P0126,139851.83354272845,3.27,3112,44.94,144.00,57.24,A
S001,2022-03,P0017,137366.38482761383,3.22,2597,52.89,137.68,60.46,A
S001,2022-03,P0057,137024.7038761139,3.21,2606,52.58,134.39,63.67,A
S001,2022-03,P0133,134340.57650394438,3.15,2600,51.67,129.29,66.81,A
S001,2022-03,P0066,133348.33056430818,3.12,2491,53.53,135.26,69.94,A
S001,2022-03,P0068,132841.99666633605,3.11,2513,52.86,139.71,73.05,A
S001,2022-03,P0079,132674.1998697281,3.11,2854,46.49,140.35,76.15,A
S001,2022-03,P0159,132401.40561609267,3.1,2598,50.96,127.00,79.25,A
S001,2022-03,P0125,131214.80346746446,3.07,2690,48.78,141.00,82.33,B
S001,2022-03,P0067,131030.3848854065,3.07,2794,46.9,139.39,85.39,B
S001,2022-03,P0129,130981.00704994203,3.07,2661,49.22,140.81,88.46,B
S001,2022-03,P0153,128993.1263237953,3.02,2746,46.97,133.74,91.48,B
S001,2022-03,P0046,124242.91802930832,2.91,2598,47.82,123.42,94.39,B
S001,2022-03,P0016,123122.47733664513,2.88,2659,46.3,139.06,97.27,C
S001,2022-03,P0183,116478.93341865542,2.73,2385,48.84,132.32,100,C
S001,2022-04,P0046,171662.68571605682,4.03,2982,57.57,149.77,4.03,A
S001,2022-04,P0096,163083.13240776063,3.83,2913,55.98,148.77,7.86,A
S001,2022-04,P0175,159283.43579931257,3.74,2815,56.58,142.43,11.6,A
S001,2022-04,P0066,157547.0228515625,3.7,2846,55.36,143.83,15.3,A
S001,2022-04,P0126,156656.6627605438,3.68,2825,55.45,138.83,18.98,A
S001,2022-04,P0178,155653.252960968,3.66,2967,52.46,151.60,22.63,A
S001,2022-04,P0129,152107.5097557545,3.57,2853,53.31,137.83,26.21,A
S001,2022-04,P0079,151951.45221419336,3.57,2953,51.46,149.67,29.77,A
S001,2022-04,P0125,150683.83400831223,3.54,2766,54.48,146.30,33.31,A
S001,2022-04,P0187,149381.5516737938,3.51,2801,53.33,136.33,36.82,A
S001,2022-04,P0017,145742.14991674424,3.42,2828,51.54,139.93,40.24,A
S001,2022-04,P0149,145388.70293188095,3.41,2776,52.37,136.20,43.66,A
S001,2022-04,P0083,144950.54880666733,3.4,2776,52.22,147.17,47.06,A
S001,2022-04,P0057,144644.2649433136,3.4,2737,52.85,151.53,50.46,A
S001,2022-04,P0061,144126.73838577268,3.38,2766,52.11,141.60,53.84,A
S001,2022-04,P0068,143176.36010189055,3.36,2658,53.87,130.23,57.2,A
S001,2022-04,P0031,142362.64502487183,3.34,2653,53.66,150.87,60.55,A
S001,2022-04,P0069,140223.6105297565,3.29,2698,51.97,148.80,63.84,A
S001,2022-04,P0153,139112.47661533355,3.27,2689,51.73,141.83,67.1,A
S001,2022-04,P0094,137233.92789630892,3.22,2751,49.89,139.13,70.33,A
S001,2022-04,P0085,135064.5118637562,3.17,2396,56.37,128.87,73.5,A
S001,2022-04,P0183,133270.0801645279,3.13,2901,45.94,151.57,76.63,A
S001,2022-04,P0166,132786.26301345826,3.12,2824,47.02,145.37,79.75,A
S001,2022-04,P0067,129080.2414144516,3.03,2524,51.14,126.73,82.78,B
S001,2022-04,P0159,128620.0903101921,3.02,2676,48.06,132.80,85.8,B
S001,2022-04,P0133,125598.01194934845,2.95,2727,46.06,134.87,88.75,B
S001,2022-04,P0116,123079.28802456855,2.89,2986,41.22,147.13,91.64,B
S001,2022-04,P0016,120844.48869342804,2.84,2588,46.69,136.53,94.47,B
S001,2022-04,P0171,117814.7179907322,2.77,2383,49.44,134.57,97.24,C
S001,2022-04,P0070,117484.28460235594,2.76,2424,48.47,125.73,100,C
S001,2022-05,P0085,172632.52612438204,4.09,2907,59.39,135.39,4.09,A
S001,2022-05,P0094,172458.46287517546,4.09,3414,50.52,146.48,8.18,A
S001,2022-05,P0096,166858.50660285947,3.96,2784,59.93,140.74,12.14,A
S001,2022-05,P0061,161610.4831598759,3.83,2746,58.85,125.90,15.97,A
S001,2022-05,P0046,158732.08506526946,3.76,3013,52.68,144.16,19.73,A
S001,2022-05,P0129,155082.77463607787,3.68,2992,51.83,138.61,23.41,A
S001,2022-05,P0175,154108.76599826815,3.65,2860,53.88,141.90,27.07,A
S001,2022-05,P0017,152000.33852415087,3.6,2856,53.22,143.84,30.67,A
S001,2022-05,P0083,149798.8047071457,3.55,2821,53.1,146.00,34.22,A
S001,2022-05,P0057,147791.10572013858,3.5,3029,48.79,145.00,37.73,A
S001,2022-05,P0070,146186.5382940292,3.47,2715,53.84,131.29,41.19,A
S001,2022-05,P0079,145449.85875339506,3.45,2869,50.7,143.06,44.64,A
S001,2022-05,P0116,144001.50890665053,3.41,2666,54.01,134.84,48.05,A
S001,2022-05,P0178,142439.12138051985,3.38,2463,57.83,132.74,51.43,A
S001,2022-05,P0166,142407.7612786293,3.38,3707,38.42,170.94,54.81,A
S001,2022-05,P0016,138829.75831727983,3.29,2953,47.01,144.13,58.1,A
S001,2022-05,P0183,138236.58803119662,3.28,3060,45.18,151.52,61.38,A
S001,2022-05,P0153,137741.6686018944,3.27,2918,47.2,139.35,64.64,A
S001,2022-05,P0159,135766.51663589478,3.22,2519,53.9,127.45,67.86,A
S001,2022-05,P0031,134154.21761665348,3.18,2680,50.06,143.16,71.04,A
S001,2022-05,P0149,132703.96910886763,3.15,2729,48.63,141.39,74.19,A
S001,2022-05,P0125,132493.15617656708,3.14,2813,47.1,136.10,77.33,A
S001,2022-05,P0067,130365.38071146012,3.09,2641,49.36,130.06,80.42,B
S001,2022-05,P0069,129756.96989870071,3.08,2703,48,141.65,83.5,B
S001,2022-05,P0068,121667.95356965065,2.88,2511,48.45,136.16,86.38,B
S001,2022-05,P0171,121583.28599424362,2.88,2658,45.74,141.55,89.27,B
S001,2022-05,P0187,120511.92724504472,2.86,2596,46.42,119.90,92.12,B
S001,2022-05,P0066,119003.08344440459,2.82,2615,45.51,135.84,94.95,B
S001,2022-05,P0126,118857.87517471312,2.82,2650,44.85,137.87,97.76,C
S001,2022-05,P0133,94294.05362324713,2.24,2607,36.17,128.77,100,C
S001,2022-06,P0094,182164.5548354149,4.41,3431,53.09,164.60,4.41,A
S001,2022-06,P0166,180703.63773679733,4.37,3417,52.88,160.43,8.78,A
S001,2022-06,P0175,159688.74922122958,3.86,2563,62.31,138.63,12.64,A
S001,2022-06,P0183,154912.81545448306,3.75,3043,50.91,154.77,16.39,A
S001,2022-06,P0067,150494.15966472626,3.64,2926,51.43,152.50,20.03,A
S001,2022-06,P0187,149019.12341594693,3.6,2954,50.45,141.73,23.63,A
S001,2022-06,P0070,148969.13445110322,3.6,2669,55.81,144.07,27.24,A
S001,2022-06,P0133,147085.51602325437,3.56,2870,51.25,149.40,30.79,A
S001,2022-06,P0153,146902.43188180923,3.55,3075,47.77,155.37,34.35,A
S001,2022-06,P0149,145922.90879154205,3.53,3230,45.18,144.60,37.88,A
S001,2022-06,P0126,141927.12725172043,3.43,2628,54.01,139.17,41.31,A
S001,2022-06,P0116,138182.3889503479,3.34,2429,56.89,133.40,44.65,A
S001,2022-06,P0068,137755.36445751193,3.33,2672,51.56,140.97,47.99,A
S001,2022-06,P0159,136954.47743873595,3.31,2666,51.37,141.93,51.3,A
S001,2022-06,P0057,136667.14798460007,3.31,2891,47.27,137.97,54.6,A
S001,2022-06,P0046,136069.88106093407,3.29,2829,48.1,144.30,57.9,A
S001,2022-06,P0125,134429.99602632524,3.25,2825,47.59,145.13,61.15,A
S001,2022-06,P0016,133558.968898201,3.23,2799,47.72,142.67,64.38,A
S001,2022-06,P0066,131189.67245869632,3.17,2767,47.41,132.10,67.55,A
S001,2022-06,P0085,129536.08800878526,3.13,2724,47.55,142.57,70.68,A
S001,2022-06,P0096,129236.05183591839,3.13,2445,52.86,134.33,73.81,A
S001,2022-06,P0178,128027.3560610771,3.1,2628,48.72,137.07,76.91,A
S001,2022-06,P0083,127899.82834825513,3.09,2659,48.1,119.57,80,A
S001,2022-06,P0079,127215.21544532776,3.08,2550,49.89,134.20,83.08,B
S001,2022-06,P0129,124117.11781883241,3,2546,48.75,132.80,86.08,B
S001,2022-06,P0031,122133.70557804109,2.95,2628,46.47,136.60,89.04,B
S001,2022-06,P0061,120307.90574331283,2.91,2807,42.86,146.93,91.95,B
S001,2022-06,P0069,116327.8281703472,2.81,2302,50.53,127.93,94.76,B
S001,2022-06,P0171,111298.32351408004,2.69,2522,44.13,134.40,97.45,C
S001,2022-06,P0017,105332.37535381317,2.55,2439,43.19,122.97,100,C
S001,2022-07,P0166,232723.42286520003,5.11,4259,54.64,185.32,5.11,A
S001,2022-07,P0094,203613.86965408325,4.47,4121,49.41,178.71,9.59,A
S001,2022-07,P0125,188209.68775329593,4.14,3067,61.37,150.03,13.72,A
S001,2022-07,P0067,187126.21395740507,4.11,3240,57.76,149.42,17.83,A
S001,2022-07,P0149,178008.556162405,3.91,2888,61.64,141.29,21.75,A
S001,2022-07,P0085,165894.569254303,3.65,2973,55.8,145.77,25.39,A
S001,2022-07,P0096,162825.56391887667,3.58,3046,53.46,157.81,28.97,A
S001,2022-07,P0066,161702.23724756239,3.55,2996,53.97,141.68,32.52,A
S001,2022-07,P0046,161477.54030418396,3.55,2849,56.68,150.58,36.07,A
S001,2022-07,P0183,157952.81934080122,3.47,2928,53.95,151.74,39.54,A
S001,2022-07,P0083,155052.75088653562,3.41,2772,55.94,140.39,42.95,A
S001,2022-07,P0016,153609.2430146694,3.38,2978,51.58,132.29,46.32,A
S001,2022-07,P0153,152501.80453948976,3.35,2918,52.26,143.65,49.67,A
S001,2022-07,P0017,152341.75627050403,3.35,2910,52.35,144.48,53.02,A
S001,2022-07,P0061,146026.05736064914,3.21,2792,52.3,144.03,56.23,A
S001,2022-07,P0116,145103.12781090738,3.19,2867,50.61,155.74,59.42,A
S001,2022-07,P0171,144153.42769117357,3.17,2711,53.17,133.71,62.58,A
S001,2022-07,P0031,140003.61715087888,3.08,2745,51,133.19,65.66,A
S001,2022-07,P0178,139703.18460149766,3.07,2968,47.07,139.29,68.73,A
S001,2022-07,P0126,138607.73557071685,3.05,2692,51.49,131.77,71.78,A
S001,2022-07,P0057,136597.28589000704,3,2763,49.44,140.45,74.78,A
S001,2022-07,P0175,134958.10932850838,2.97,2635,51.22,132.42,77.74,A
S001,2022-07,P0159,134367.7563419342,2.95,2579,52.1,121.26,80.69,B
S001,2022-07,P0129,131189.1964780807,2.88,2826,46.42,138.61,83.58,B
S001,2022-07,P0068,130892.88036670684,2.88,2634,49.69,127.03,86.45,B
S001,2022-07,P0070,129576.57106981277,2.85,2675,48.44,136.26,89.3,B
S001,2022-07,P0069,125986.6499176979,2.77,2469,51.03,127.45,92.07,B
S001,2022-07,P0133,122984.11753578183,2.7,2918,42.15,149.42,94.77,B
S001,2022-07,P0079,120384.48707003595,2.65,2915,41.3,147.81,97.42,C
S001,2022-07,P0187,117594.9525528431,2.58,2571,45.74,133.68,100,C
S001,2022-08,P0171,176928.30553302763,4.08,2990,59.17,149.42,4.08,A
S001,2022-08,P0016,172634.66407699583,3.98,3065,56.32,149.42,8.06,A
S001,2022-08,P0057,172345.7606552124,3.98,3310,52.07,154.10,12.04,A
S001,2022-08,P0067,161057.11239709854,3.72,2696,59.74,137.13,15.76,A
S001,2022-08,P0187,161043.44187784192,3.72,2823,57.05,147.13,19.47,A
S001,2022-08,P0129,159639.1523578644,3.68,3168,50.39,142.06,23.16,A
S001,2022-08,P0069,159246.31066451073,3.67,3203,49.72,146.94,26.83,A
S001,2022-08,P0178,156204.10517578127,3.6,2661,58.7,146.32,30.43,A
S001,2022-08,P0079,155346.82876253128,3.58,3183,48.81,159.26,34.02,A
S001,2022-08,P0083,151904.51970043182,3.5,2792,54.41,133.23,37.52,A
S001,2022-08,P0133,151623.42370843887,3.5,2644,57.35,135.23,41.02,A
S001,2022-08,P0096,151570.42541093827,3.5,3269,46.37,155.13,44.52,A
S001,2022-08,P0126,147832.85877537727,3.41,3061,48.3,151.19,47.93,A
S001,2022-08,P0125,144822.68722639082,3.34,3130,46.27,159.23,51.27,A
S001,2022-08,P0166,142988.43673686983,3.3,2827,50.58,142.06,54.57,A
S001,2022-08,P0149,142624.53511619565,3.29,2746,51.94,139.03,57.86,A
S001,2022-08,P0061,140631.70829524993,3.24,2657,52.93,139.42,61.1,A
S001,2022-08,P0183,139192.62356481553,3.21,2828,49.22,140.52,64.31,A
S001,2022-08,P0046,139042.51020889284,3.21,3057,45.48,146.19,67.52,A
S001,2022-08,P0116,138988.2337371826,3.21,2891,48.08,143.35,70.73,A
S001,2022-08,P0017,137748.68599500656,3.18,2982,46.19,153.45,73.91,A
S001,2022-08,P0094,137465.09766044616,3.17,2793,49.22,145.35,77.08,A
S001,2022-08,P0159,135299.9001197815,3.12,2537,53.33,137.65,80.2,B
S001,2022-08,P0066,135066.6532299042,3.12,2544,53.09,121.97,83.31,B
S001,2022-08,P0085,132661.77828068731,3.06,2656,49.95,133.97,86.38,B
S001,2022-08,P0153,123590.41640567781,2.85,2633,46.94,134.68,89.23,B
S001,2022-08,P0175,122829.44530391693,2.83,2894,42.44,138.58,92.06,B
S001,2022-08,P0031,119347.37847709659,2.75,2350,50.79,132.23,94.81,B
S001,2022-08,P0070,112495.2858457565,2.6,2699,41.68,133.77,97.41,C
S001,2022-08,P0068,112291.77646861077,2.59,2538,44.24,130.13,100,C
S001,2022-09,P0129,171463.9379239082,4.09,3032,56.55,143.27,4.09,A
S001,2022-09,P0116,163568.84575519562,3.9,2966,55.15,147.03,8,A
S001,2022-09,P0057,158463.82230482105,3.78,2852,55.56,151.13,11.78,A
S001,2022-09,P0079,156317.3646870613,3.73,2713,57.62,141.87,15.51,A
S001,2022-09,P0017,156197.54793930054,3.73,2869,54.44,138.57,19.24,A
S001,2022-09,P0171,154399.91557302474,3.69,2828,54.6,136.40,22.92,A
S001,2022-09,P0016,153073.9544200897,3.65,2718,56.32,138.33,26.58,A
S001,2022-09,P0166,151459.83928508757,3.62,2871,52.76,148.63,30.19,A
S001,2022-09,P0187,150298.46147899627,3.59,2850,52.74,142.37,33.78,A
S001,2022-09,P0183,148196.8109796524,3.54,2797,52.98,147.23,37.32,A
S001,2022-09,P0153,147451.34057826997,3.52,2691,54.79,143.17,40.84,A
S001,2022-09,P0096,145009.10834884646,3.46,2771,52.33,128.73,44.3,A
S001,2022-09,P0133,144743.296458292,3.45,2631,55.01,151.67,47.75,A
S001,2022-09,P0067,142063.64143056868,3.39,2914,48.75,140.30,51.14,A
S001,2022-09,P0149,138029.03198337555,3.29,2582,53.46,144.13,54.44,A
S001,2022-09,P0178,136549.37991185187,3.26,2865,47.66,147.77,57.7,A
S001,2022-09,P0126,136016.69914603236,3.25,2716,50.08,142.40,60.94,A
S001,2022-09,P0159,135879.10705661774,3.24,2752,49.37,132.37,64.19,A
S001,2022-09,P0069,131993.62338466645,3.15,2788,47.34,138.67,67.34,A
S001,2022-09,P0094,131789.89238672258,3.15,2737,48.15,146.30,70.48,A
S001,2022-09,P0061,131324.35795459748,3.13,2674,49.11,137.77,73.62,A
S001,2022-09,P0031,128997.02735013962,3.08,2195,58.77,118.17,76.7,A
S001,2022-09,P0046,126592.97305765151,3.02,2751,46.02,145.40,79.72,A
S001,2022-09,P0070,126568.9866186142,3.02,2642,47.91,139.77,82.74,B
S001,2022-09,P0175,125231.51592702865,2.99,2501,50.07,136.80,85.73,B
S001,2022-09,P0066,124787.32239437103,2.98,2874,43.42,148.13,88.71,B
S001,2022-09,P0083,122578.52528972624,2.93,2540,48.26,129.03,91.63,B
S001,2022-09,P0125,122458.8509946823,2.92,2689,45.54,141.00,94.55,B
S001,2022-09,P0068,115571.43551054003,2.76,2583,44.74,128.30,97.31,C
S001,2022-09,P0085,112557.70722236634,2.69,2505,44.93,133.87,100,C
S001,2022-10,P0175,174410.14107170104,4.01,2971,58.7,136.81,4.01,A
S001,2022-10,P0067,171042.99212207794,3.94,3098,55.21,144.13,7.95,A
S001,2022-10,P0057,164676.2517734528,3.79,2989,55.09,139.10,11.74,A
S001,2022-10,P0129,161982.55951271055,3.73,3035,53.37,155.03,15.47,A
S001,2022-10,P0178,157036.5723130703,3.61,3059,51.34,149.55,19.08,A
S001,2022-10,P0116,156377.33845243452,3.6,3044,51.37,147.29,22.68,A
S001,2022-10,P0068,155440.6507270813,3.58,2742,56.69,144.23,26.26,A
S001,2022-10,P0125,153166.25402116778,3.52,2983,51.35,148.29,29.78,A
S001,2022-10,P0094,150949.58899531368,3.47,2945,51.26,148.32,33.26,A
S001,2022-10,P0017,150918.63256292342,3.47,2998,50.34,135.26,36.73,A
S001,2022-10,P0096,147947.44194946293,3.4,2515,58.83,129.81,40.13,A
S001,2022-10,P0153,147523.77436285015,3.39,2941,50.16,139.06,43.53,A
S001,2022-10,P0133,147229.90125694274,3.39,2666,55.23,131.71,46.92,A
S001,2022-10,P0126,147053.1308950424,3.38,2718,54.1,133.52,50.3,A
S001,2022-10,P0083,145198.04351077077,3.34,2821,51.47,136.90,53.64,A
S001,2022-10,P0016,143262.3085354328,3.3,2848,50.3,134.68,56.94,A
S001,2022-10,P0066,143094.75641965866,3.29,2650,54,132.97,60.23,A
S001,2022-10,P0171,141394.5877550125,3.25,2749,51.43,142.16,63.49,A
S001,2022-10,P0046,140354.85425367358,3.23,2943,47.69,136.87,66.72,A
S001,2022-10,P0149,139758.9806809425,3.22,2725,51.29,143.61,69.93,A
S001,2022-10,P0187,136534.76019496916,3.14,2650,51.52,130.74,73.07,A
S001,2022-10,P0166,136524.2488407135,3.14,2861,47.72,145.35,76.22,A
S001,2022-10,P0061,135574.55398139954,3.12,2632,51.51,133.26,79.34,A
S001,2022-10,P0159,135287.02946920396,3.11,2809,48.16,141.45,82.45,B
S001,2022-10,P0079,133242.35729789737,3.07,2938,45.35,147.06,85.52,B
S001,2022-10,P0031,129915.14056692123,2.99,2857,45.47,139.06,88.51,B
S001,2022-10,P0085,129596.92060585023,2.98,2930,44.23,141.39,91.49,B
S001,2022-10,P0069,127430.39554743766,2.93,2718,46.88,131.94,94.42,B
S001,2022-10,P0070,126250.79868278504,2.91,2599,48.58,134.42,97.33,C
S001,2022-10,P0183,116177.13936166764,2.67,2537,45.79,129.26,100,C
S001,2022-11,P0126,222594.68942022327,4.68,3812,58.39,179.87,4.68,A
S001,2022-11,P0069,217010.8638338089,4.57,3701,58.64,171.97,9.25,A
S001,2022-11,P0133,211570.64424571994,4.45,3774,56.06,164.83,13.71,A
S001,2022-11,P0061,203079.05080871584,4.27,4042,50.24,187.80,17.98,A
S001,2022-11,P0046,201654.32349157333,4.24,4003,50.38,179.70,22.22,A
S001,2022-11,P0066,197884.92040090563,4.16,3869,51.15,184.03,26.39,A
S001,2022-11,P0187,196626.6367641449,4.14,3869,50.82,186.10,30.53,A
S001,2022-11,P0125,193281.58251008985,4.07,3759,51.42,171.67,34.59,A
S001,2022-11,P0057,190480.370663786,4.01,3879,49.11,175.27,38.6,A
S001,2022-11,P0016,179431.05974502565,3.78,3670,48.89,173.63,42.38,A
S001,2022-11,P0178,174667.69876556395,3.68,3724,46.9,174.23,46.06,A
S001,2022-11,P0083,158815.79223556517,3.34,2957,53.71,153.37,49.4,A
S001,2022-11,P0175,158174.39632110595,3.33,2814,56.21,140.17,52.73,A
S001,2022-11,P0153,158050.19643840787,3.33,2845,55.55,145.10,56.05,A
S001,2022-11,P0017,149349.06154012677,3.14,2884,51.79,138.47,59.2,A
S001,2022-11,P0171,148449.20422935486,3.12,2618,56.7,130.67,62.32,A
S001,2022-11,P0094,145604.41471862793,3.06,2541,57.3,137.47,65.39,A
S001,2022-11,P0129,145074.6015804291,3.05,2524,57.48,130.47,68.44,A
S001,2022-11,P0079,142504.21938962935,3,2423,58.81,125.87,71.44,A
S001,2022-11,P0149,134560.49764842988,2.83,2868,46.92,148.50,74.27,A
S001,2022-11,P0166,132006.17401561738,2.78,2606,50.65,140.83,77.05,A
S001,2022-11,P0159,131750.9726085186,2.77,2548,51.71,131.53,79.82,A
S001,2022-11,P0068,126007.75056324006,2.65,2514,50.12,135.93,82.47,B
S001,2022-11,P0031,125560.1101240158,2.64,2534,49.55,125.87,85.12,B
S001,2022-11,P0067,125211.28626356125,2.64,2650,47.25,136.83,87.75,B
S001,2022-11,P0096,121701.58613586427,2.56,2453,49.61,139.50,90.31,B
S001,2022-11,P0085,119779.30296630858,2.52,2631,45.53,139.83,92.84,B
S001,2022-11,P0070,118090.50796861647,2.49,2414,48.92,133.00,95.32,C
S001,2022-11,P0183,114262.32177095412,2.4,2542,44.95,137.07,97.73,C
S001,2022-11,P0116,108071.4827178955,2.27,2791,38.72,139.67,100,C
S001,2022-12,P0133,234545.9156415939,4.7,4211,55.7,186.06,4.7,A
S001,2022-12,P0057,234356.14886555672,4.7,4285,54.69,187.52,9.4,A
S001,2022-12,P0069,216534.22776021957,4.34,4188,51.7,181.16,13.75,A
S001,2022-12,P0061,212639.30235800744,4.26,4086,52.04,189.03,18.01,A
S001,2022-12,P0046,210994.8884048462,4.23,4239,49.77,179.58,22.24,A
S001,2022-12,P0187,210760.98701343537,4.23,4108,51.31,186.71,26.47,A
S001,2022-12,P0178,201927.36110820773,4.05,4111,49.12,176.45,30.52,A
S001,2022-12,P0066,192509.03593158725,3.86,3715,51.82,154.90,34.38,A
S001,2022-12,P0126,190857.7262700081,3.83,3881,49.18,177.58,38.21,A
S001,2022-12,P0079,190765.9908629417,3.83,3212,59.39,151.29,42.04,A
S001,2022-12,P0068,176911.9334953308,3.55,2786,63.5,132.23,45.58,A
S001,2022-12,P0175,169116.75986242294,3.39,2885,58.62,139.97,48.98,A
S001,2022-12,P0159,161759.1543139458,3.24,2814,57.48,144.42,52.22,A
S001,2022-12,P0016,161654.38705358506,3.24,3643,44.37,163.84,55.46,A
S001,2022-12,P0166,160642.36745347976,3.22,2894,55.51,140.81,58.68,A
S001,2022-12,P0153,153527.37987833025,3.08,3001,51.16,148.94,61.76,A
S001,2022-12,P0183,151008.01049976348,3.03,2978,50.71,148.03,64.79,A
S001,2022-12,P0125,149408.34562997817,3,3306,45.19,153.10,67.79,A
S001,2022-12,P0017,143380.70351142882,2.88,2654,54.02,131.81,70.67,A
S001,2022-12,P0129,140693.8144235611,2.82,2858,49.23,130.10,73.49,A
S001,2022-12,P0096,139322.64455890656,2.79,2914,47.81,139.26,76.28,A
S001,2022-12,P0094,139117.95664072037,2.79,2736,50.85,126.16,79.07,A
S001,2022-12,P0031,138753.93404488562,2.78,2894,47.95,133.84,81.85,B
S001,2022-12,P0067,137956.83323879243,2.77,2614,52.78,134.23,84.62,B
S001,2022-12,P0116,133093.51663560866,2.67,2895,45.97,143.52,87.29,B
S001,2022-12,P0171,132700.53851461413,2.66,2800,47.39,147.16,89.95,B
S001,2022-12,P0149,129784.61562638283,2.6,2675,48.52,136.97,92.56,B
S001,2022-12,P0070,127716.11964387893,2.56,2454,52.04,127.94,95.12,C
S001,2022-12,P0085,122436.77411289215,2.46,2534,48.32,137.42,97.57,C
S001,2022-12,P0083,121035.47303934097,2.43,2425,49.91,133.90,100,C
S001,2023-01,P0133,261760.8410926819,5.18,4389,59.64,198.03,5.18,A
S001,2023-01,P0126,232392.71205406185,4.6,3923,59.24,177.00,9.78,A
S001,2023-01,P0061,225529.60816345215,4.46,3891,57.96,175.71,14.24,A
S001,2023-01,P0066,221811.9907296181,4.39,4698,47.21,208.23,18.63,A
S001,2023-01,P0057,221760.8694653511,4.39,4150,53.44,179.23,23.02,A
S001,2023-01,P0069,215649.37375116345,4.27,4536,47.54,189.94,27.29,A
S001,2023-01,P0046,209788.60958995819,4.15,4447,47.18,182.03,31.44,A
S001,2023-01,P0125,207588.45578536985,4.11,4335,47.89,199.71,35.55,A
S001,2023-01,P0187,199903.23484401708,3.96,3595,55.61,158.39,39.5,A
S001,2023-01,P0178,194659.63389530178,3.85,3723,52.29,171.52,43.36,A
S001,2023-01,P0016,186418.55658988951,3.69,4065,45.86,181.10,47.05,A
S001,2023-01,P0017,176343.04323558806,3.49,3121,56.5,149.10,50.54,A
S001,2023-01,P0149,170684.116387558,3.38,3042,56.11,141.13,53.91,A
S001,2023-01,P0094,159138.49053640367,3.15,2777,57.31,140.65,57.06,A
S001,2023-01,P0070,154914.03229522705,3.07,2911,53.22,145.84,60.13,A
S001,2023-01,P0079,153262.7686894417,3.03,2925,52.4,142.16,63.16,A
S001,2023-01,P0031,153214.9482631683,3.03,2751,55.69,123.52,66.19,A
S001,2023-01,P0166,144980.85149745946,2.87,2709,53.52,134.23,69.06,A
S001,2023-01,P0083,143834.65849561692,2.85,2870,50.12,138.32,71.91,A
S001,2023-01,P0183,142313.87019004824,2.82,2773,51.32,144.84,74.73,A
S001,2023-01,P0067,141900.49939012527,2.81,2819,50.34,134.94,77.53,A
S001,2023-01,P0175,140448.65488471984,2.78,2834,49.56,140.48,80.31,B
S001,2023-01,P0096,131710.11139812472,2.61,2743,48.02,141.16,82.92,B
S001,2023-01,P0153,127809.2233595371,2.53,2650,48.23,127.65,85.45,B
S001,2023-01,P0116,126042.92814245225,2.49,2844,44.32,139.00,87.94,B
S001,2023-01,P0171,125726.73921222686,2.49,2835,44.35,137.39,90.43,B
S001,2023-01,P0129,124773.95296707151,2.47,2874,43.41,134.35,92.9,B
S001,2023-01,P0068,124418.75186371802,2.46,2611,47.65,135.55,95.36,C
S001,2023-01,P0159,122546.16811919211,2.43,2787,43.97,137.10,97.79,C
S001,2023-01,P0085,111777.65733394623,2.21,2763,40.46,131.55,100,C
S001,2023-02,P0061,235101.117643261,5.16,3704,63.47,185.68,5.16,A
S001,2023-02,P0046,219765.0730781555,4.83,3716,59.14,177.79,9.99,A
S001,2023-02,P0125,202683.29922266008,4.45,3804,53.28,194.68,14.44,A
S001,2023-02,P0133,198054.83559789654,4.35,3412,58.05,172.86,18.79,A
S001,2023-02,P0178,191069.54997100832,4.2,3735,51.16,187.86,22.98,A
S001,2023-02,P0066,183009.62850894927,4.02,3666,49.92,173.32,27,A
S001,2023-02,P0187,182591.4446123123,4.01,3790,48.18,177.14,31.01,A
S001,2023-02,P0016,180276.7198442936,3.96,3783,47.65,185.64,34.97,A
S001,2023-02,P0057,174831.02695465085,3.84,3873,45.14,192.71,38.81,A
S001,2023-02,P0094,158827.27544956203,3.49,2701,58.8,141.39,42.29,A
S001,2023-02,P0069,156849.67209939956,3.44,3289,47.69,174.57,45.74,A
S001,2023-02,P0159,153926.52136683464,3.38,2682,57.39,151.54,49.12,A
S001,2023-02,P0126,151314.63279523846,3.32,3434,44.06,175.43,52.44,A
S001,2023-02,P0171,150004.49263114927,3.29,2747,54.61,157.79,55.73,A
S001,2023-02,P0017,145930.94095945355,3.2,2709,53.87,142.18,58.94,A
S001,2023-02,P0096,145699.83044257166,3.2,2676,54.45,139.75,62.14,A
S001,2023-02,P0079,142287.0378258705,3.12,2477,57.44,130.64,65.26,A
S001,2023-02,P0070,139353.29667053223,3.06,2280,61.12,123.04,68.32,A
S001,2023-02,P0031,137516.72503681184,3.02,2499,55.03,139.32,71.34,A
S001,2023-02,P0166,136601.65468273166,3,2459,55.55,148.68,74.34,A
S001,2023-02,P0175,135247.73920679092,2.97,2535,53.35,142.36,77.31,A
S001,2023-02,P0083,128633.05941414835,2.82,2485,51.76,133.96,80.13,B
S001,2023-02,P0116,126476.87739629748,2.78,2529,50.01,145.46,82.91,B
S001,2023-02,P0067,121577.15958223343,2.67,2565,47.4,143.71,85.58,B
S001,2023-02,P0153,119470.42936296461,2.62,2371,50.39,139.11,88.2,B
S001,2023-02,P0149,114690.370794487,2.52,2359,48.62,136.21,90.72,B
S001,2023-02,P0068,107897.66665215493,2.37,2315,46.61,135.25,93.09,B
S001,2023-02,P0129,106501.11163148879,2.34,2540,41.93,135.93,95.43,C
S001,2023-02,P0183,105138.50060300829,2.31,2305,45.61,124.89,97.74,C
S001,2023-02,P0085,103050.40624361037,2.26,2278,45.24,126.21,100,C
S001,2023-03,P0178,174026.89847621918,4.04,3402,51.15,154.03,4.04,A
S001,2023-03,P0153,168420.7267695427,3.91,3058,55.08,144.13,7.94,A
S001,2023-03,P0149,166097.82653012278,3.85,3081,53.91,151.00,11.79,A
S001,2023-03,P0129,165032.75468416218,3.83,3061,53.91,144.13,15.62,A
S001,2023-03,P0061,162824.864626503,3.78,2865,56.83,143.61,19.39,A
S001,2023-03,P0096,160491.0061689377,3.72,3201,50.14,154.10,23.12,A
S001,2023-03,P0166,152303.25971393587,3.53,2767,55.04,141.06,26.65,A
S001,2023-03,P0046,150811.61177134514,3.5,2891,52.17,132.35,30.14,A
S001,2023-03,P0183,150606.81343288423,3.49,2675,56.3,135.97,33.64,A
S001,2023-03,P0067,149289.6983094692,3.46,2695,55.4,141.10,37.1,A
S001,2023-03,P0066,148582.87784771918,3.45,3076,48.3,142.74,40.54,A
S001,2023-03,P0079,148217.14705057142,3.44,3020,49.08,145.77,43.98,A
S001,2023-03,P0133,147807.0643462181,3.43,2976,49.67,141.55,47.41,A
S001,2023-03,P0159,147174.50715293887,3.41,2534,58.08,133.48,50.82,A
S001,2023-03,P0016,145278.38765144342,3.37,3015,48.19,150.58,54.19,A
S001,2023-03,P0171,144519.67858629228,3.35,2824,51.18,133.52,57.54,A
S001,2023-03,P0085,141791.95286960603,3.29,2587,54.81,136.32,60.83,A
S001,2023-03,P0017,140277.54350929262,3.25,2714,51.69,139.52,64.08,A
S001,2023-03,P0187,137443.2907702446,3.19,3104,44.28,140.65,67.27,A
S001,2023-03,P0175,137070.16956624985,3.18,2766,49.56,147.16,70.45,A
S001,2023-03,P0083,135853.416973114,3.15,2729,49.78,142.32,73.6,A
S001,2023-03,P0031,135729.4247803688,3.15,2812,48.27,136.42,76.74,A
S001,2023-03,P0116,134600.5914028168,3.12,3144,42.81,150.48,79.86,A
S001,2023-03,P0125,132041.8567887306,3.06,2773,47.62,135.03,82.93,B
S001,2023-03,P0068,130715.43222694397,3.03,2670,48.96,131.84,85.96,B
S001,2023-03,P0094,129877.39664940833,3.01,2806,46.29,140.03,88.97,B
S001,2023-03,P0126,122055.0169353485,2.83,2606,46.84,133.90,91.8,B
S001,2023-03,P0069,120996.06764755248,2.81,2459,49.21,128.42,94.6,B
S001,2023-03,P0070,118399.58559999468,2.75,2595,45.63,127.61,97.35,C
S001,2023-03,P0057,114341.04618873594,2.65,2766,41.34,143.97,100,C
S001,2023-04,P0166,167291.44510145186,4.06,3060,54.67,149.13,4.06,A
S001,2023-04,P0079,163125.8143927574,3.96,2912,56.02,144.80,8.02,A
S001,2023-04,P0070,156650.59439668653,3.8,2864,54.7,143.40,11.82,A
S001,2023-04,P0017,149892.7507056236,3.64,2915,51.42,144.40,15.45,A
S001,2023-04,P0031,148181.27525806424,3.59,2696,54.96,126.73,19.05,A
S001,2023-04,P0133,147887.67216734885,3.59,2945,50.22,144.63,22.64,A
S001,2023-04,P0046,146914.40215969086,3.56,2909,50.5,155.93,26.2,A
S001,2023-04,P0183,145096.14495592116,3.52,2929,49.54,145.03,29.72,A
S001,2023-04,P0061,143070.7377640724,3.47,2934,48.76,147.70,33.19,A
S001,2023-04,P0149,142015.48717889786,3.45,2610,54.41,140.70,36.64,A
S001,2023-04,P0129,141075.00461683274,3.42,2791,50.55,143.10,40.06,A
S001,2023-04,P0067,138805.47737979886,3.37,2715,51.13,141.90,43.43,A
S001,2023-04,P0126,137545.63096942904,3.34,3057,44.99,162.07,46.76,A
S001,2023-04,P0057,137343.76971054077,3.33,2599,52.84,135.10,50.1,A
S001,2023-04,P0066,136989.0202073097,3.32,2762,49.6,150.17,53.42,A
S001,2023-04,P0083,136444.7562776566,3.31,2741,49.78,144.60,56.73,A
S001,2023-04,P0153,135802.16841297148,3.29,2842,47.78,156.17,60.02,A
S001,2023-04,P0171,134996.14629535677,3.28,2721,49.61,136.73,63.3,A
S001,2023-04,P0069,133878.41263389587,3.25,2841,47.12,136.20,66.55,A
S001,2023-04,P0016,133702.66008458138,3.24,2741,48.78,138.47,69.79,A
S001,2023-04,P0175,132554.2043803215,3.22,2722,48.7,147.27,73.01,A
S001,2023-04,P0085,132316.20801572799,3.21,2637,50.18,126.00,76.22,A
S001,2023-04,P0178,130614.46122012139,3.17,2825,46.24,139.93,79.39,A
S001,2023-04,P0159,129569.87445869445,3.14,2657,48.77,147.40,82.53,B
S001,2023-04,P0116,129406.96555247306,3.14,2922,44.29,146.87,85.67,B
S001,2023-04,P0068,124145.29042491913,3.01,2497,49.72,126.03,88.68,B
S001,2023-04,P0094,120834.53790378569,2.93,2596,46.55,135.07,91.61,B
S001,2023-04,P0125,117393.92089643479,2.85,2821,41.61,153.63,94.46,B
S001,2023-04,P0187,115283.74882192611,2.8,2521,45.73,131.20,97.26,C
S001,2023-04,P0096,113059.58214826585,2.74,2475,45.68,136.93,100,C
S001,2023-05,P0094,196738.2825853824,4.5,3798,51.8,161.52,4.5,A
S001,2023-05,P0166,196366.8973995209,4.49,3320,59.15,150.90,8.99,A
S001,2023-05,P0066,181761.69360551832,4.16,3155,57.61,155.26,13.15,A
S001,2023-05,P0061,173895.85386829378,3.98,3208,54.21,149.39,17.13,A
S001,2023-05,P0057,157898.4500527382,3.61,3024,52.22,152.00,20.75,A
S001,2023-05,P0083,157072.09220676424,3.59,2786,56.38,131.87,24.34,A
S001,2023-05,P0069,155938.44532299045,3.57,2637,59.13,139.55,27.91,A
S001,2023-05,P0096,153224.92542686462,3.51,3010,50.91,137.71,31.41,A
S001,2023-05,P0067,152407.25736865998,3.49,2850,53.48,142.10,34.9,A
S001,2023-05,P0129,149761.7365319252,3.43,2972,50.39,143.45,38.33,A
S001,2023-05,P0187,149657.49313983918,3.42,2786,53.72,141.16,41.75,A
S001,2023-05,P0125,147590.67843484879,3.38,2819,52.36,133.58,45.13,A
S001,2023-05,P0031,144709.84142112732,3.31,2786,51.94,130.48,48.44,A
S001,2023-05,P0126,141982.58287630082,3.25,2963,47.92,144.52,51.69,A
S001,2023-05,P0046,141966.48973836898,3.25,3045,46.62,144.29,54.94,A
S001,2023-05,P0133,140819.18231091503,3.22,2925,48.14,143.65,58.16,A
S001,2023-05,P0178,140672.57772140502,3.22,3111,45.22,150.45,61.38,A
S001,2023-05,P0149,140326.42083082197,3.21,2924,47.99,137.87,64.59,A
S001,2023-05,P0153,138523.64219913483,3.17,2931,47.26,149.13,67.76,A
S001,2023-05,P0017,136526.68415346148,3.12,2873,47.52,139.94,70.88,A
S001,2023-05,P0079,135604.45688858035,3.1,2739,49.51,132.61,73.98,A
S001,2023-05,P0116,135410.6380876064,3.1,3089,43.84,156.81,77.08,A
S001,2023-05,P0175,135326.5219045639,3.1,2853,47.43,139.10,80.18,B
S001,2023-05,P0016,130674.97862873077,2.99,2950,44.3,145.06,83.17,B
S001,2023-05,P0068,130520.48100891116,2.99,2836,46.02,141.58,86.16,B
S001,2023-05,P0183,127855.4393462181,2.93,2711,47.16,144.45,89.08,B
S001,2023-05,P0159,124047.90359282492,2.84,2626,47.24,131.03,91.92,B
S001,2023-05,P0070,121098.65645790102,2.77,2691,45,127.68,94.69,B
S001,2023-05,P0171,116457.78034801481,2.66,2625,44.36,130.26,97.35,C
S001,2023-05,P0085,115605.99541339873,2.65,2368,48.82,121.52,100,C
S001,2023-06,P0016,187750.46837558746,4.23,3090,60.76,146.30,4.23,A
S001,2023-06,P0094,187197.54694185258,4.22,3530,53.03,165.23,8.44,A
S001,2023-06,P0187,180387.70345649723,4.06,3077,58.62,145.67,12.51,A
S001,2023-06,P0070,169511.52650165558,3.82,2947,57.52,151.07,16.33,A
S001,2023-06,P0061,164871.5057836533,3.71,2939,56.1,145.97,20.04,A
S001,2023-06,P0166,160916.73034038546,3.62,3601,44.69,163.43,23.66,A
S001,2023-06,P0031,155774.08107538222,3.51,2884,54.01,148.50,27.17,A
S001,2023-06,P0171,155449.43314647672,3.5,2861,54.33,144.60,30.67,A
S001,2023-06,P0133,154125.98361825943,3.47,2858,53.93,143.00,34.14,A
S001,2023-06,P0183,153889.79992713928,3.47,2638,58.34,130.33,37.61,A
S001,2023-06,P0079,150568.8073194504,3.39,2906,51.81,139.40,41,A
S001,2023-06,P0057,149828.4270184517,3.37,2870,52.21,142.43,44.38,A
S001,2023-06,P0085,148654.97468214037,3.35,2508,59.27,140.90,47.72,A
S001,2023-06,P0153,148311.8217201233,3.34,3012,49.24,140.50,51.06,A
S001,2023-06,P0066,148269.3287669182,3.34,2654,55.87,130.77,54.4,A
S001,2023-06,P0126,146711.9122509003,3.3,2993,49.02,145.97,57.71,A
S001,2023-06,P0083,146394.63562049868,3.3,2769,52.87,144.90,61,A
S001,2023-06,P0125,145638.51613149646,3.28,2876,50.64,153.27,64.29,A
S001,2023-06,P0178,145635.93320722578,3.28,2790,52.2,144.63,67.57,A
S001,2023-06,P0116,145630.5340508461,3.28,2788,52.23,143.43,70.85,A
S001,2023-06,P0069,142870.5863714218,3.22,2826,50.56,147.93,74.06,A
S001,2023-06,P0017,142285.42941818238,3.2,2556,55.67,138.07,77.27,A
S001,2023-06,P0159,139315.3063386917,3.14,2728,51.07,132.37,80.41,B
S001,2023-06,P0068,138816.32923564911,3.13,2714,51.15,130.87,83.53,B
S001,2023-06,P0129,135475.4295719147,3.05,2831,47.85,135.90,86.58,B
S001,2023-06,P0067,130501.7439962864,2.94,2732,47.77,133.87,89.52,B
S001,2023-06,P0175,128194.96817665102,2.89,2614,49.04,130.83,92.41,B
S001,2023-06,P0149,117030.97382121088,2.64,2624,44.6,136.57,95.05,C
S001,2023-06,P0046,111494.57070498467,2.51,2687,41.49,150.93,97.56,C
S001,2023-06,P0096,108492.92181696891,2.44,2568,42.25,135.03,100,C
S001,2023-07,P0166,230961.49061822888,5.04,4129,55.94,177.97,5.04,A
S001,2023-07,P0094,212510.64501905438,4.64,4053,52.43,189.19,9.68,A
S001,2023-07,P0066,197138.78025226592,4.3,3356,58.74,152.29,13.98,A
S001,2023-07,P0133,181343.30250358584,3.96,3167,57.26,148.03,17.93,A
S001,2023-07,P0031,178473.7852588177,3.89,3016,59.18,157.58,21.83,A
S001,2023-07,P0116,174777.7700081825,3.81,2819,62,131.00,25.64,A
S001,2023-07,P0067,170026.21567764282,3.71,3003,56.62,151.26,29.35,A
S001,2023-07,P0083,166938.67619543074,3.64,3165,52.75,154.03,32.99,A
S001,2023-07,P0183,164423.75300941468,3.59,2915,56.41,147.81,36.58,A
S001,2023-07,P0068,163592.6376745224,3.57,2809,58.24,139.71,40.15,A
S001,2023-07,P0126,160615.9012794495,3.5,2794,57.49,142.42,43.65,A
S001,2023-07,P0061,159991.72695169447,3.49,2978,53.72,139.48,47.14,A
S001,2023-07,P0175,149223.76280975342,3.26,2708,55.1,134.55,50.4,A
S001,2023-07,P0149,146226.43131122593,3.19,2774,52.71,139.10,53.59,A
S001,2023-07,P0057,142687.61689310073,3.11,3021,47.23,154.39,56.7,A
S001,2023-07,P0016,140813.7234629631,3.07,2705,52.06,148.61,59.77,A
S001,2023-07,P0085,140142.3032907486,3.06,2704,51.83,133.84,62.83,A
S001,2023-07,P0069,139705.52008128166,3.05,2906,48.07,138.77,65.88,A
S001,2023-07,P0178,138072.966013813,3.01,2869,48.13,144.68,68.89,A
S001,2023-07,P0017,136953.8104160309,2.99,2850,48.05,146.61,71.88,A
S001,2023-07,P0125,135621.32550926207,2.96,2647,51.24,134.00,74.84,A
S001,2023-07,P0187,133243.08912010194,2.91,2651,50.26,124.55,77.75,A
S001,2023-07,P0171,132615.05149002076,2.89,2708,48.97,137.03,80.64,B
S001,2023-07,P0079,132293.23718447686,2.89,2770,47.76,137.06,83.53,B
S001,2023-07,P0153,131334.76039795874,2.87,2882,45.57,136.03,86.39,B
S001,2023-07,P0096,128842.42975211146,2.81,2990,43.09,144.87,89.2,B
S001,2023-07,P0129,128048.23652496337,2.79,2885,44.38,143.68,92,B
S001,2023-07,P0070,123545.07748069763,2.7,2466,50.1,127.16,94.69,B
S001,2023-07,P0159,122995.80053157803,2.68,2681,45.88,132.61,97.38,C
S001,2023-07,P0046,120291.87240219119,2.62,2490,48.31,127.87,100,C
S001,2023-08,P0133,176775.51742687225,4.03,3254,54.33,149.90,4.03,A
S001,2023-08,P0096,175861.40441217422,4.01,3185,55.22,146.16,8.03,A
S001,2023-08,P0149,174697.26111221313,3.98,2860,61.08,140.68,12.01,A
S001,2023-08,P0166,171053.92767558098,3.9,2973,57.54,147.77,15.91,A
S001,2023-08,P0046,170246.41339855193,3.88,2895,58.81,154.71,19.79,A
S001,2023-08,P0183,162872.54868216516,3.71,3138,51.9,157.52,23.5,A
S001,2023-08,P0079,159363.8584100723,3.63,2868,55.57,153.77,27.13,A
S001,2023-08,P0069,156963.97922372818,3.58,2872,54.65,139.61,30.71,A
S001,2023-08,P0070,155564.8584971905,3.54,2884,53.94,144.19,34.25,A
S001,2023-08,P0125,153089.405714798,3.49,3148,48.63,143.39,37.74,A
S001,2023-08,P0129,151883.5006091118,3.46,2786,54.52,131.74,41.2,A
S001,2023-08,P0031,150824.99839687347,3.44,2910,51.83,156.00,44.64,A
S001,2023-08,P0175,149053.82951164243,3.4,2788,53.46,142.10,48.03,A
S001,2023-08,P0187,146594.1412911415,3.34,3074,47.69,153.84,51.37,A
S001,2023-08,P0083,144709.55150794983,3.3,2651,54.59,135.74,54.67,A
S001,2023-08,P0178,139499.4641643524,3.18,2690,51.86,138.26,57.85,A
S001,2023-08,P0017,139486.52209596636,3.18,2677,52.11,134.65,61.03,A
S001,2023-08,P0066,139243.66482658387,3.17,2959,47.06,150.48,64.2,A
S001,2023-08,P0126,137801.3651102543,3.14,2746,50.18,125.00,67.34,A
S001,2023-08,P0159,136938.6204410553,3.12,2621,52.25,130.06,70.46,A
S001,2023-08,P0116,136749.18397068974,3.12,2816,48.56,139.23,73.57,A
S001,2023-08,P0061,136580.67043647767,3.11,2864,47.69,141.84,76.69,A
S001,2023-08,P0067,135828.46975631715,3.09,2842,47.79,144.48,79.78,A
S001,2023-08,P0171,134036.68869609834,3.05,2611,51.34,123.94,82.84,B
S001,2023-08,P0068,131171.09157061577,2.99,2715,48.31,133.68,85.82,B
S001,2023-08,P0153,129528.92592048646,2.95,3150,41.12,152.03,88.77,B
S001,2023-08,P0057,126141.106416893,2.87,2771,45.52,146.94,91.65,B
S001,2023-08,P0094,126085.5740340233,2.87,2657,47.45,132.16,94.52,B
S001,2023-08,P0085,121947.2420310974,2.78,2874,42.43,143.26,97.3,C
S001,2023-08,P0016,118516.77952260971,2.7,2858,41.47,142.81,100,C
S001,2023-09,P0187,172969.6452249527,3.99,2914,59.36,154.37,3.99,A
S001,2023-09,P0178,170265.4952911377,3.92,2844,59.87,142.70,7.91,A
S001,2023-09,P0183,161127.88507146836,3.71,2867,56.2,153.60,11.62,A
S001,2023-09,P0017,160113.41102867125,3.69,2852,56.14,139.63,15.31,A
S001,2023-09,P0125,160095.58240098954,3.69,2994,53.47,143.20,19,A
S001,2023-09,P0153,158985.01568937302,3.66,3169,50.17,162.53,22.67,A
S001,2023-09,P0066,158849.80838022236,3.66,2841,55.91,143.43,26.33,A
S001,2023-09,P0126,157225.97413873675,3.62,2932,53.62,154.53,29.95,A
S001,2023-09,P0046,154357.73518276218,3.56,3176,48.6,151.13,33.51,A
S001,2023-09,P0094,154058.07800879478,3.55,2679,57.51,136.33,37.06,A
S001,2023-09,P0067,154023.670671463,3.55,2949,52.23,139.33,40.61,A
S001,2023-09,P0079,153518.52910461425,3.54,2708,56.69,136.13,44.14,A
S001,2023-09,P0096,151479.5108892441,3.49,2712,55.86,132.77,47.64,A
S001,2023-09,P0116,150657.73680458067,3.47,3007,50.1,149.20,51.11,A
S001,2023-09,P0171,147376.91169281004,3.4,2854,51.64,148.40,54.5,A
S001,2023-09,P0129,147362.40562515258,3.4,2869,51.36,147.67,57.9,A
S001,2023-09,P0085,145216.96597442625,3.35,2370,61.27,131.37,61.25,A
S001,2023-09,P0175,143230.8038277626,3.3,2931,48.87,147.90,64.55,A
S001,2023-09,P0031,140579.13473911287,3.24,2814,49.96,133.17,67.79,A
S001,2023-09,P0083,139645.86775665282,3.22,2860,48.83,145.30,71,A
S001,2023-09,P0149,138963.62813272476,3.2,2656,52.32,144.33,74.21,A
S001,2023-09,P0133,137206.2949599266,3.16,2849,48.16,135.30,77.37,A
S001,2023-09,P0166,132989.52827548978,3.06,2734,48.64,138.43,80.43,B
S001,2023-09,P0061,132399.2115858078,3.05,2735,48.41,146.17,83.48,B
S001,2023-09,P0069,130816.49771347047,3.01,2564,51.02,136.80,86.5,B
S001,2023-09,P0057,129340.95508623123,2.98,2495,51.84,137.47,89.48,B
S001,2023-09,P0068,119502.56164436342,2.75,2451,48.76,122.83,92.23,B
S001,2023-09,P0016,115188.55405950545,2.65,2399,48.02,130.40,94.89,B
S001,2023-09,P0070,113390.63100128174,2.61,2516,45.07,141.17,97.5,C
S001,2023-09,P0159,108412.5404677391,2.5,2645,40.99,138.07,100,C
S001,2023-10,P0057,178306.63791418078,4.12,3113,57.28,156.77,4.12,A
S001,2023-10,P0066,166242.9851337433,3.84,3026,54.94,138.87,7.95,A
S001,2023-10,P0061,164302.4439891815,3.79,3197,51.39,146.39,11.74,A
S001,2023-10,P0175,161487.0015510559,3.73,2964,54.48,135.90,15.47,A
S001,2023-10,P0083,161390.69948587418,3.73,2921,55.25,135.10,19.2,A
S001,2023-10,P0096,157350.1445357323,3.63,3004,52.38,138.65,22.83,A
S001,2023-10,P0187,157309.96348171236,3.63,3387,46.45,168.55,26.46,A
S001,2023-10,P0116,156740.927504158,3.62,3076,50.96,152.16,30.08,A
S001,2023-10,P0149,156166.8446159363,3.6,3049,51.22,145.90,33.68,A
S001,2023-10,P0133,154553.89825115204,3.57,2851,54.21,134.06,37.25,A
S001,2023-10,P0178,153515.78917837143,3.54,2950,52.04,143.13,40.79,A
S001,2023-10,P0079,153389.27569112775,3.54,2930,52.35,138.71,44.33,A
S001,2023-10,P0046,146355.7067148209,3.38,2898,50.5,138.68,47.71,A
S001,2023-10,P0129,145735.82744607926,3.36,3036,48,150.42,51.08,A
S001,2023-10,P0085,143914.2791266918,3.32,2604,55.27,130.94,54.4,A
S001,2023-10,P0166,142643.02879619598,3.29,2875,49.61,151.06,57.69,A
S001,2023-10,P0153,141544.64569101334,3.27,3020,46.87,140.48,60.96,A
S001,2023-10,P0171,141490.27951936724,3.27,2854,49.58,142.32,64.22,A
S001,2023-10,P0125,140286.20045070647,3.24,2796,50.17,134.55,67.46,A
S001,2023-10,P0070,136675.8040327072,3.15,2877,47.51,151.35,70.62,A
S001,2023-10,P0094,134169.0282309532,3.1,2948,45.51,152.16,73.71,A
S001,2023-10,P0126,133314.9104791641,3.08,2853,46.73,153.16,76.79,A
S001,2023-10,P0159,132755.46178464888,3.06,2756,48.17,136.13,79.85,A
S001,2023-10,P0016,131662.03530740735,3.04,2533,51.98,131.55,82.89,B
S001,2023-10,P0031,131216.4512331009,3.03,2647,49.57,140.77,85.92,B
S001,2023-10,P0069,131213.75234003065,3.03,2897,45.29,149.58,88.95,B
S001,2023-10,P0067,130730.66877689362,3.02,2765,47.28,132.35,91.97,B
S001,2023-10,P0068,125031.33552289009,2.89,2576,48.54,125.61,94.85,B
S001,2023-10,P0017,116643.02321558,2.69,2871,40.63,145.97,97.54,C
S001,2023-10,P0183,106370.62906999586,2.46,2528,42.08,132.42,100,C
S001,2023-11,P0057,245970.7072935104,5.05,4302,57.18,189.63,5.05,A
S001,2023-11,P0125,232194.10040693285,4.77,4161,55.8,188.77,9.81,A
S001,2023-11,P0066,226525.63186569218,4.65,4219,53.69,191.90,14.46,A
S001,2023-11,P0069,221229.48594055176,4.54,3907,56.62,192.27,19,A
S001,2023-11,P0178,217305.28360624315,4.46,3872,56.12,178.93,23.46,A
S001,2023-11,P0016,209469.44356479644,4.3,3947,53.07,170.73,27.76,A
S001,2023-11,P0133,195308.0011581421,4.01,3916,49.87,181.27,31.77,A
S001,2023-11,P0126,188718.6734680176,3.87,4106,45.96,182.80,35.64,A
S001,2023-11,P0061,180191.08205518723,3.7,4056,44.43,189.33,39.34,A
S001,2023-11,P0046,173595.26785197257,3.56,3826,45.37,167.30,42.9,A
S001,2023-11,P0187,170492.43331804272,3.5,3872,44.03,172.93,46.4,A
S001,2023-11,P0068,153815.07288265225,3.16,2757,55.79,132.40,49.56,A
S001,2023-11,P0153,153556.77260141372,3.15,2705,56.77,144.00,52.71,A
S001,2023-11,P0083,149074.77974495888,3.06,2905,51.32,138.37,55.77,A
S001,2023-11,P0116,148923.0762509346,3.06,2848,52.29,161.23,58.83,A
S001,2023-11,P0067,147763.572204113,3.03,2824,52.32,144.80,61.86,A
S001,2023-11,P0183,147645.65477561948,3.03,2406,61.37,133.10,64.89,A
S001,2023-11,P0085,147271.12251014708,3.02,2575,57.19,142.33,67.91,A
S001,2023-11,P0159,144895.08403720858,2.97,2747,52.75,132.57,70.89,A
S001,2023-11,P0129,144621.5755022049,2.97,2704,53.48,138.70,73.86,A
S001,2023-11,P0171,142181.43016548155,2.92,2607,54.54,135.13,76.77,A
S001,2023-11,P0149,136252.11112766265,2.8,2911,46.81,153.77,79.57,A
S001,2023-11,P0096,131771.60434713366,2.7,2833,46.51,136.70,82.27,B
S001,2023-11,P0070,129248.18427567482,2.65,2415,53.52,121.10,84.93,B
S001,2023-11,P0017,128558.30750164983,2.64,2700,47.61,131.80,87.57,B
S001,2023-11,P0166,124641.23555202487,2.56,2582,48.27,138.33,90.12,B
S001,2023-11,P0079,122240.56724004744,2.51,2831,43.18,146.43,92.63,B
S001,2023-11,P0175,120719.55576038362,2.48,2593,46.56,129.90,95.11,C
S001,2023-11,P0031,120690.90327148438,2.48,2676,45.1,138.37,97.59,C
S001,2023-11,P0094,117540.04185285569,2.41,2798,42.01,143.10,100,C
S001,2023-12,P0126,223061.84635066986,4.42,4106,54.33,186.48,4.42,A
S001,2023-12,P0046,216977.8066575527,4.3,3817,56.85,178.39,8.71,A
S001,2023-12,P0133,214583.35377006527,4.25,4073,52.68,174.71,12.96,A
S001,2023-12,P0178,208309.2367791176,4.13,3879,53.7,174.97,17.09,A
S001,2023-12,P0187,208268.76619682313,4.12,4039,51.56,186.45,21.21,A
S001,2023-12,P0061,204883.46264657972,4.06,4218,48.57,184.45,25.27,A
S001,2023-12,P0016,203377.90508384706,4.03,4169,48.78,195.45,29.3,A
S001,2023-12,P0069,195774.95445375438,3.88,3856,50.77,182.84,33.18,A
S001,2023-12,P0057,190139.0601222992,3.77,4104,46.33,189.16,36.94,A
S001,2023-12,P0066,186280.2351865768,3.69,3941,47.27,167.84,40.63,A
S001,2023-12,P0067,177470.1641296387,3.51,3018,58.8,150.10,44.15,A
S001,2023-12,P0125,176478.0741033554,3.5,4046,43.62,182.06,47.64,A
S001,2023-12,P0183,171578.88536453244,3.4,2908,59,144.26,51.04,A
S001,2023-12,P0159,164435.21404933932,3.26,2863,57.43,150.65,54.3,A
S001,2023-12,P0094,157718.1414527893,3.12,3284,48.03,152.29,57.42,A
S001,2023-12,P0079,157437.07933368682,3.12,3255,48.37,147.48,60.54,A
S001,2023-12,P0171,156244.03483257294,3.09,2674,58.43,130.58,63.63,A
S001,2023-12,P0031,154894.59112253186,3.07,2712,57.11,132.65,66.7,A
S001,2023-12,P0116,154891.01788721085,3.07,2911,53.21,147.10,69.77,A
S001,2023-12,P0153,153223.83585653306,3.03,3167,48.38,150.68,72.8,A
S001,2023-12,P0096,148222.96901474,2.94,3021,49.06,150.42,75.74,A
S001,2023-12,P0129,146485.99774990082,2.9,3022,48.47,139.00,78.64,A
S001,2023-12,P0017,143920.1771286964,2.85,3296,43.67,145.81,81.49,B
S001,2023-12,P0166,138194.8997560501,2.74,2742,50.4,138.77,84.22,B
S001,2023-12,P0068,137794.9680123806,2.73,2607,52.86,139.48,86.95,B
S001,2023-12,P0083,136232.97068862914,2.7,2912,46.78,150.97,89.65,B
S001,2023-12,P0085,133846.23921117783,2.65,2980,44.91,144.00,92.3,B
S001,2023-12,P0070,132908.74930858612,2.63,2574,51.64,130.58,94.93,B
S001,2023-12,P0149,130361.75287370682,2.58,2941,44.33,136.42,97.52,C
S001,2023-12,P0175,125440.15802183152,2.48,2490,50.38,127.84,100,C
S002,2022-01,P0125,257379.92569751735,5.22,4197,61.32,189.35,5.22,A
S002,2022-01,P0178,218573.38126430512,4.43,4082,53.55,187.77,9.65,A
S002,2022-01,P0046,211879.02431755068,4.3,4086,51.85,187.32,13.95,A
S002,2022-01,P0066,211802.4224256039,4.29,3861,54.86,176.58,18.24,A
S002,2022-01,P0016,211460.10717892647,4.29,3954,53.48,169.13,22.53,A
S002,2022-01,P0069,204904.75148735047,4.15,3948,51.9,171.61,26.68,A
S002,2022-01,P0057,201535.13050527574,4.09,4167,48.36,180.29,30.77,A
S002,2022-01,P0061,190889.67069730756,3.87,3825,49.91,170.58,34.64,A
S002,2022-01,P0133,188943.11255912783,3.83,3986,47.4,170.81,38.47,A
S002,2022-01,P0153,170053.98337411886,3.45,2933,57.98,150.32,41.92,A
S002,2022-01,P0083,168531.32005848884,3.42,3030,55.62,147.68,45.34,A
S002,2022-01,P0149,165744.07550125124,3.36,2998,55.28,147.29,48.7,A
S002,2022-01,P0159,165012.6471513748,3.35,2802,58.89,130.23,52.04,A
S002,2022-01,P0126,165004.58927936555,3.35,3785,43.59,174.45,55.39,A
S002,2022-01,P0187,163112.6610071182,3.31,3612,45.16,163.68,58.7,A
S002,2022-01,P0067,155081.5316675186,3.14,2881,53.83,143.55,61.84,A
S002,2022-01,P0171,151357.68817501067,3.07,3011,50.27,145.16,64.91,A
S002,2022-01,P0031,151300.85560722352,3.07,2944,51.39,135.71,67.98,A
S002,2022-01,P0068,148735.94105386737,3.02,2656,56,130.39,70.99,A
S002,2022-01,P0017,146327.96013879776,2.97,2987,48.99,136.00,73.96,A
S002,2022-01,P0096,142092.83500204087,2.88,2820,50.39,141.26,76.84,A
S002,2022-01,P0166,138855.25464782713,2.82,2909,47.73,134.81,79.66,A
S002,2022-01,P0079,138482.90868854523,2.81,2567,53.95,137.87,82.46,B
S002,2022-01,P0094,132945.58701877593,2.7,2809,47.33,136.45,85.16,B
S002,2022-01,P0085,132145.23974437715,2.68,2549,51.84,135.55,87.84,B
S002,2022-01,P0070,127195.30758094788,2.58,2694,47.21,138.35,90.42,B
S002,2022-01,P0116,127177.59532094003,2.58,2655,47.9,135.65,93,B
S002,2022-01,P0129,126686.76887054443,2.57,2650,47.81,135.77,95.56,C
S002,2022-01,P0183,115441.31127071384,2.34,2637,43.78,137.03,97.91,C
S002,2022-01,P0175,103295.73072323797,2.09,2550,40.51,129.39,100,C
S002,2022-02,P0069,230697.4233411789,5.16,4134,55.8,202.00,5.16,A
S002,2022-02,P0057,200918.04642066953,4.5,3519,57.1,166.07,9.66,A
S002,2022-02,P0187,193778.46932020184,4.34,3666,52.86,169.07,14,A
S002,2022-02,P0178,192324.75630607607,4.3,3678,52.29,180.82,18.3,A
S002,2022-02,P0066,192154.9172402382,4.3,3775,50.9,180.61,22.6,A
S002,2022-02,P0061,174857.54033126833,3.91,3692,47.36,187.11,26.52,A
S002,2022-02,P0125,172754.6907365799,3.87,3557,48.57,163.61,30.38,A
S002,2022-02,P0126,171535.6963177681,3.84,3659,46.88,178.21,34.22,A
S002,2022-02,P0016,168141.06465535166,3.76,3861,43.55,190.07,37.99,A
S002,2022-02,P0166,155368.26195578574,3.48,2818,55.13,141.00,41.46,A
S002,2022-02,P0046,155240.16735754014,3.47,3861,40.21,193.89,44.94,A
S002,2022-02,P0133,153609.3984670639,3.44,3315,46.34,162.93,48.38,A
S002,2022-02,P0079,152815.6385123253,3.42,2598,58.82,141.36,51.8,A
S002,2022-02,P0116,144863.792634964,3.24,2414,60.01,142.25,55.04,A
S002,2022-02,P0159,142479.31251297,3.19,2656,53.64,146.96,58.23,A
S002,2022-02,P0153,141398.84719047544,3.16,2597,54.45,151.89,61.39,A
S002,2022-02,P0083,140082.82833251954,3.14,2581,54.27,145.43,64.53,A
S002,2022-02,P0171,139265.9840812683,3.12,2396,58.12,131.82,67.65,A
S002,2022-02,P0175,132798.11269254686,2.97,2624,50.61,133.54,70.62,A
S002,2022-02,P0070,132462.4743294716,2.96,2272,58.3,129.61,73.58,A
S002,2022-02,P0096,132409.9866672516,2.96,2641,50.14,146.96,76.55,A
S002,2022-02,P0149,130187.87437839508,2.91,2739,47.53,156.82,79.46,A
S002,2022-02,P0094,129499.51740417481,2.9,2414,53.65,137.39,82.36,B
S002,2022-02,P0068,124445.62374219894,2.79,2322,53.59,138.29,85.15,B
S002,2022-02,P0067,117588.76879634857,2.63,2549,46.13,144.07,87.78,B
S002,2022-02,P0017,114556.59718227385,2.56,2779,41.22,146.46,90.34,B
S002,2022-02,P0183,112653.38972172736,2.52,2487,45.3,132.00,92.86,B
S002,2022-02,P0129,111495.22314863207,2.5,2269,49.14,142.75,95.36,C
S002,2022-02,P0085,108288.10556645392,2.42,2281,47.47,141.71,97.78,C
S002,2022-02,P0031,99048.16083583831,2.22,2215,44.72,125.07,100,C
S002,2022-03,P0171,201253.1340485573,4.74,3121,64.48,145.71,4.74,A
S002,2022-03,P0046,172533.36486968998,4.06,3093,55.78,150.77,8.8,A
S002,2022-03,P0017,171435.91462535856,4.04,2968,57.76,142.55,12.84,A
S002,2022-03,P0067,166907.66085138323,3.93,2819,59.21,138.42,16.77,A
S002,2022-03,P0183,155562.09638404846,3.66,3109,50.04,148.74,20.43,A
S002,2022-03,P0016,155232.94099869725,3.66,3012,51.54,144.74,24.09,A
S002,2022-03,P0057,152127.08339424134,3.58,2606,58.38,127.23,27.67,A
S002,2022-03,P0061,150189.20128583908,3.54,2879,52.17,138.61,31.21,A
S002,2022-03,P0066,149443.58550872802,3.52,2893,51.66,138.26,34.73,A
S002,2022-03,P0149,149315.80308628082,3.52,2852,52.35,137.84,38.24,A
S002,2022-03,P0116,148761.36681823732,3.5,2534,58.71,132.84,41.74,A
S002,2022-03,P0069,148716.0531692505,3.5,2892,51.42,153.97,45.25,A
S002,2022-03,P0166,142030.462580204,3.34,2805,50.63,145.29,48.59,A
S002,2022-03,P0159,141017.8854455948,3.32,2872,49.1,145.16,51.91,A
S002,2022-03,P0031,139496.07220249178,3.28,2610,53.45,125.74,55.2,A
S002,2022-03,P0070,136760.99840545654,3.22,2429,56.3,128.03,58.42,A
S002,2022-03,P0178,136045.80179014208,3.2,2915,46.67,141.42,61.62,A
S002,2022-03,P0068,135621.96970214843,3.19,2568,52.81,131.29,64.81,A
S002,2022-03,P0079,134317.92636833192,3.16,2783,48.26,138.94,67.98,A
S002,2022-03,P0126,134181.3199002266,3.16,3046,44.05,148.45,71.14,A
S002,2022-03,P0153,132582.1893939972,3.12,2705,49.01,143.13,74.26,A
S002,2022-03,P0125,130457.29301099776,3.07,2518,51.81,131.74,77.33,A
S002,2022-03,P0133,128598.6585269928,3.03,3098,41.51,144.55,80.36,B
S002,2022-03,P0085,124535.62465763095,2.93,2338,53.27,132.32,83.29,B
S002,2022-03,P0094,122001.28030529025,2.87,2590,47.1,134.19,86.16,B
S002,2022-03,P0187,121008.47484626768,2.85,2670,45.32,125.58,89.01,B
S002,2022-03,P0096,119904.05161075597,2.82,2706,44.31,132.45,91.84,B
S002,2022-03,P0129,117279.13763227462,2.76,2729,42.98,140.77,94.6,B
S002,2022-03,P0083,114946.9043009758,2.71,2558,44.94,133.90,97.31,C
S002,2022-03,P0175,114434.05944147111,2.69,2520,45.41,132.84,100,C
S002,2022-04,P0166,154676.1056079864,3.84,2698,57.33,135.93,3.84,A
S002,2022-04,P0149,152986.99789533613,3.79,2961,51.67,157.30,7.63,A
S002,2022-04,P0126,152277.17797260283,3.78,2895,52.6,160.67,11.41,A
S002,2022-04,P0069,151543.6877148628,3.76,2632,57.58,130.13,15.16,A
S002,2022-04,P0133,148745.13143253326,3.69,2786,53.39,151.97,18.85,A
S002,2022-04,P0057,147640.843337059,3.66,3057,48.3,159.10,22.51,A
S002,2022-04,P0079,145216.41857824323,3.6,2836,51.2,144.13,26.11,A
S002,2022-04,P0178,144757.03431501388,3.59,2859,50.63,149.20,29.7,A
S002,2022-04,P0171,144235.90302715302,3.58,2618,55.09,141.37,33.28,A
S002,2022-04,P0153,143499.4386566162,3.56,3032,47.33,148.40,36.84,A
S002,2022-04,P0067,141009.88804283142,3.5,2677,52.67,148.77,40.34,A
S002,2022-04,P0046,140308.98007736204,3.48,2864,48.99,141.13,43.82,A
S002,2022-04,P0094,134447.7411131382,3.33,2818,47.71,152.30,47.15,A
S002,2022-04,P0085,132538.31650853154,3.29,2633,50.34,135.77,50.44,A
S002,2022-04,P0083,129812.54129772188,3.22,2387,54.38,141.00,53.65,A
S002,2022-04,P0016,129337.78547344208,3.21,2720,47.55,136.50,56.86,A
S002,2022-04,P0066,128836.89046983719,3.19,2632,48.95,135.03,60.06,A
S002,2022-04,P0183,128354.09503040316,3.18,2550,50.33,127.80,63.24,A
S002,2022-04,P0125,128083.09497733117,3.18,2747,46.63,146.60,66.42,A
S002,2022-04,P0129,127970.38444156648,3.17,2654,48.22,140.47,69.59,A
S002,2022-04,P0116,127647.34640026091,3.17,2603,49.04,143.13,72.75,A
S002,2022-04,P0096,127514.67884268762,3.16,2565,49.71,128.10,75.92,A
S002,2022-04,P0187,127462.55701904297,3.16,2619,48.67,142.33,79.08,A
S002,2022-04,P0068,127387.74459705353,3.16,2631,48.42,141.53,82.24,B
S002,2022-04,P0061,125742.21823625563,3.12,2770,45.39,138.97,85.35,B
S002,2022-04,P0175,124790.85357799531,3.09,2615,47.72,132.10,88.45,B
S002,2022-04,P0017,123863.16003580095,3.07,2601,47.62,142.77,91.52,B
S002,2022-04,P0070,117349.69250526429,2.91,2424,48.41,128.67,94.43,B
S002,2022-04,P0159,112879.97737531665,2.8,2729,41.36,145.80,97.23,C
S002,2022-04,P0031,111707.41911754609,2.77,2644,42.25,138.10,100,C
S002,2022-05,P0153,185585.5548494339,4.21,3113,59.62,148.52,4.21,A
S002,2022-05,P0166,178913.4443824768,4.06,3806,47.01,173.13,8.28,A
S002,2022-05,P0016,176559.54453582762,4.01,3271,53.98,163.81,12.29,A
S002,2022-05,P0066,175909.75091867446,3.99,3126,56.27,147.90,16.28,A
S002,2022-05,P0094,166514.4501642227,3.78,3610,46.13,174.26,20.06,A
S002,2022-05,P0061,160141.73004226683,3.64,2816,56.87,136.55,23.7,A
S002,2022-05,P0178,155053.68493652344,3.52,3044,50.94,146.84,27.22,A
S002,2022-05,P0017,154660.76807112695,3.51,2804,55.16,141.71,30.73,A
S002,2022-05,P0057,154392.26570458413,3.51,2633,58.64,133.52,34.24,A
S002,2022-05,P0116,154089.8087177277,3.5,2765,55.73,136.03,37.74,A
S002,2022-05,P0079,153560.82855319977,3.49,2850,53.88,137.35,41.23,A
S002,2022-05,P0125,152120.39070510864,3.45,3053,49.83,141.58,44.68,A
S002,2022-05,P0133,146890.1402885437,3.34,2657,55.28,127.03,48.02,A
S002,2022-05,P0129,146373.93886947632,3.32,2681,54.6,136.45,51.34,A
S002,2022-05,P0069,145042.41085681916,3.29,2941,49.32,143.81,54.63,A
S002,2022-05,P0070,143890.33278703687,3.27,2759,52.15,142.42,57.9,A
S002,2022-05,P0126,143564.95016813278,3.26,2557,56.15,134.94,61.16,A
S002,2022-05,P0171,143059.71130523682,3.25,2837,50.43,140.19,64.41,A
S002,2022-05,P0046,142872.44269952775,3.24,2851,50.11,139.23,67.66,A
S002,2022-05,P0083,141823.75038442612,3.22,3025,46.88,152.71,70.88,A
S002,2022-05,P0085,135362.6969189644,3.07,2966,45.64,142.35,73.95,A
S002,2022-05,P0067,134726.1528034687,3.06,2857,47.16,139.16,77.01,A
S002,2022-05,P0183,133602.74213824273,3.03,2704,49.41,139.58,80.04,B
S002,2022-05,P0149,132575.70220422748,3.01,2746,48.28,137.06,83.05,B
S002,2022-05,P0068,131200.6628303528,2.98,2371,55.34,114.90,86.03,B
S002,2022-05,P0187,130427.44223937987,2.96,2729,47.79,130.87,89,B
S002,2022-05,P0096,129845.80427360536,2.95,2627,49.43,142.19,91.94,B
S002,2022-05,P0159,126316.57158713341,2.87,2834,44.57,131.97,94.81,B
S002,2022-05,P0175,123327.34337787627,2.8,2619,47.09,140.13,97.61,C
S002,2022-05,P0031,105054.84462509157,2.39,2305,45.58,125.52,100,C
S002,2022-06,P0166,173186.95005807874,4.25,3446,50.26,169.20,4.25,A
S002,2022-06,P0083,156958.61962327958,3.85,3041,51.61,152.93,8.09,A
S002,2022-06,P0066,156476.9517476082,3.84,2701,57.93,135.70,11.93,A
S002,2022-06,P0175,153670.03474369048,3.77,2861,53.71,129.43,15.7,A
S002,2022-06,P0129,152819.4461277008,3.75,2716,56.27,144.37,19.44,A
S002,2022-06,P0094,151046.56062641146,3.7,3384,44.64,163.77,23.14,A
S002,2022-06,P0067,144065.4411374569,3.53,2950,48.84,145.97,26.68,A
S002,2022-06,P0149,142945.9208138466,3.5,3070,46.56,153.10,30.18,A
S002,2022-06,P0153,142281.7047216415,3.49,2507,56.75,138.87,33.67,A
S002,2022-06,P0079,140543.3348707199,3.45,2726,51.56,146.10,37.11,A
S002,2022-06,P0159,138524.53285036088,3.4,3163,43.8,160.97,40.51,A
S002,2022-06,P0069,136038.98077135088,3.33,2875,47.32,146.53,43.84,A
S002,2022-06,P0016,135811.99123744966,3.33,2968,45.76,150.40,47.17,A
S002,2022-06,P0125,135159.4376063347,3.31,2954,45.75,140.57,50.49,A
S002,2022-06,P0126,134762.50438780786,3.3,3008,44.8,158.73,53.79,A
S002,2022-06,P0061,134524.8598267555,3.3,2657,50.63,143.93,57.09,A
S002,2022-06,P0068,133586.6501340866,3.27,2698,49.51,137.53,60.36,A
S002,2022-06,P0031,131495.02728233335,3.22,2699,48.72,145.17,63.59,A
S002,2022-06,P0070,131099.88016071322,3.21,2741,47.83,137.13,66.8,A
S002,2022-06,P0085,129723.29315433501,3.18,2623,49.46,143.83,69.98,A
S002,2022-06,P0178,129622.91118755337,3.18,2909,44.56,145.30,73.16,A
S002,2022-06,P0187,128687.01931819916,3.15,2799,45.98,139.83,76.31,A
S002,2022-06,P0116,127133.27214107513,3.12,2607,48.77,137.47,79.43,A
S002,2022-06,P0057,124927.17602367402,3.06,2498,50.01,136.80,82.49,B
S002,2022-06,P0046,124175.35081300733,3.04,2665,46.59,137.83,85.53,B
S002,2022-06,P0133,124167.90353126527,3.04,2419,51.33,127.20,88.58,B
S002,2022-06,P0183,121498.53179569243,2.98,2646,45.92,145.83,91.56,B
S002,2022-06,P0096,121145.70215444564,2.97,2449,49.47,135.63,94.53,B
S002,2022-06,P0017,119775.37671794892,2.94,2772,43.21,142.67,97.46,C
S002,2022-06,P0171,103560.99293155671,2.54,2328,44.48,128.40,100,C
S002,2022-07,P0094,237798.6650349617,5.23,4080,58.28,184.48,5.23,A
S002,2022-07,P0070,190410.69716553687,4.19,3212,59.28,144.52,9.41,A
S002,2022-07,P0133,186590.29405536648,4.1,3068,60.82,144.45,13.51,A
S002,2022-07,P0057,178866.60478086467,3.93,3059,58.47,155.42,17.44,A
S002,2022-07,P0166,178858.45874042512,3.93,3450,51.84,156.81,21.38,A
S002,2022-07,P0129,175323.44412479395,3.85,3111,56.36,151.77,25.23,A
S002,2022-07,P0085,166375.6370191574,3.66,2671,62.29,130.87,28.89,A
S002,2022-07,P0083,163320.25145049093,3.59,3158,51.72,147.13,32.48,A
S002,2022-07,P0069,161412.62476358414,3.55,2928,55.13,142.52,36.02,A
S002,2022-07,P0183,161076.97033843995,3.54,2791,57.71,133.03,39.56,A
S002,2022-07,P0061,158554.55648241044,3.49,2775,57.14,139.48,43.05,A
S002,2022-07,P0178,158449.90925312045,3.48,3008,52.68,149.90,46.53,A
S002,2022-07,P0171,153278.27694454193,3.37,2980,51.44,138.55,49.9,A
S002,2022-07,P0017,148288.80403022768,3.26,2877,51.54,144.87,53.16,A
S002,2022-07,P0153,147498.6996697426,3.24,2766,53.33,127.42,56.4,A
S002,2022-07,P0159,146407.21538343432,3.22,2893,50.61,138.68,59.62,A
S002,2022-07,P0126,144722.78452606202,3.18,2825,51.23,143.84,62.8,A
S002,2022-07,P0066,144015.54581527712,3.17,2808,51.29,138.13,65.97,A
S002,2022-07,P0046,142827.02343845367,3.14,2913,49.03,150.26,69.11,A
S002,2022-07,P0068,139003.6601448059,3.06,2669,52.08,132.26,72.16,A
S002,2022-07,P0067,135687.01695337298,2.98,2677,50.69,140.55,75.14,A
S002,2022-07,P0016,133956.08592786794,2.94,2910,46.03,155.55,78.09,A
S002,2022-07,P0187,131813.62177500725,2.9,2745,48.02,137.61,80.99,B
S002,2022-07,P0116,131796.78403773307,2.9,2737,48.15,148.26,83.88,B
S002,2022-07,P0149,130362.4839579582,2.87,2776,46.96,134.61,86.75,B
S002,2022-07,P0125,126815.88913841249,2.79,2741,46.27,136.48,89.54,B
S002,2022-07,P0175,121519.85593376162,2.67,2560,47.47,140.52,92.21,B
S002,2022-07,P0079,118554.75972595214,2.61,2505,47.33,122.90,94.81,B
S002,2022-07,P0096,118450.11529388429,2.6,2985,39.68,155.74,97.42,C
S002,2022-07,P0031,117547.1563051224,2.58,2474,47.51,133.35,100,C
S002,2022-08,P0031,181729.18123636243,4.23,3208,56.65,152.39,4.23,A
S002,2022-08,P0017,171051.41339612007,3.98,3249,52.65,159.71,8.2,A
S002,2022-08,P0016,165681.72413921353,3.85,2747,60.31,141.23,12.06,A
S002,2022-08,P0079,157977.16566324237,3.67,3002,52.62,145.23,15.73,A
S002,2022-08,P0183,157761.77212438587,3.67,2851,55.34,147.32,19.4,A
S002,2022-08,P0129,154476.57483110426,3.59,2861,53.99,140.65,22.99,A
S002,2022-08,P0061,153194.49868693348,3.56,3067,49.95,147.35,26.55,A
S002,2022-08,P0171,152555.08197917938,3.55,2853,53.47,141.03,30.1,A
S002,2022-08,P0166,149817.11331663132,3.48,2969,50.46,154.65,33.59,A
S002,2022-08,P0187,149294.35285573007,3.47,2878,51.87,145.16,37.06,A
S002,2022-08,P0094,147717.85378055574,3.44,2741,53.89,131.77,40.49,A
S002,2022-08,P0116,146881.2562799454,3.42,2906,50.54,136.68,43.91,A
S002,2022-08,P0070,144086.33813238144,3.35,2868,50.24,143.03,47.26,A
S002,2022-08,P0153,143747.58235502246,3.34,2630,54.66,127.16,50.6,A
S002,2022-08,P0066,143518.51085815427,3.34,2472,58.06,133.06,53.94,A
S002,2022-08,P0149,142382.06107850076,3.31,2992,47.59,145.84,57.25,A
S002,2022-08,P0096,141471.15987033845,3.29,3023,46.8,153.35,60.54,A
S002,2022-08,P0046,139761.91853046414,3.25,2895,48.28,147.71,63.79,A
S002,2022-08,P0085,139499.44862899784,3.24,2894,48.2,141.10,67.03,A
S002,2022-08,P0083,135761.6633242607,3.16,2533,53.6,126.00,70.19,A
S002,2022-08,P0057,133196.74219055177,3.1,2867,46.46,138.94,73.29,A
S002,2022-08,P0068,132437.0562271118,3.08,2291,57.81,123.61,76.37,A
S002,2022-08,P0178,131892.42798080447,3.07,2824,46.7,137.48,79.44,A
S002,2022-08,P0067,130978.06193685532,3.05,2712,48.3,127.87,82.48,B
S002,2022-08,P0125,130951.80452871323,3.05,2712,48.29,135.74,85.53,B
S002,2022-08,P0069,129979.26526288985,3.02,2728,47.65,135.97,88.55,B
S002,2022-08,P0133,129518.22327356339,3.01,2562,50.55,126.45,91.56,B
S002,2022-08,P0126,124120.65846824647,2.89,2636,47.09,132.94,94.45,B
S002,2022-08,P0159,123208.36662197114,2.87,2758,44.67,139.16,97.31,C
S002,2022-08,P0175,115532.03843603133,2.69,2537,45.54,122.00,100,C
S002,2022-09,P0067,183786.44203367233,4.38,3039,60.48,156.73,4.38,A
S002,2022-09,P0079,173072.00441970828,4.12,3009,57.52,144.50,8.5,A
S002,2022-09,P0085,167970.67016716005,4,2699,62.23,126.20,12.5,A
S002,2022-09,P0066,163559.27273120882,3.89,2817,58.06,144.33,16.39,A
S002,2022-09,P0096,156990.05957489015,3.74,2843,55.22,145.13,20.13,A
S002,2022-09,P0094,154347.4237412453,3.67,3060,50.44,158.03,23.8,A
S002,2022-09,P0178,152357.8855395317,3.63,2903,52.48,146.90,27.43,A
S002,2022-09,P0187,151449.06515798566,3.61,2715,55.78,146.67,31.03,A
S002,2022-09,P0133,148801.40261535646,3.54,2830,52.58,146.00,34.58,A
S002,2022-09,P0031,146405.6112848282,3.49,2845,51.46,149.37,38.06,A
S002,2022-09,P0171,143569.63912973407,3.42,2547,56.37,134.50,41.48,A
S002,2022-09,P0126,143219.80574007033,3.41,2829,50.63,160.77,44.89,A
S002,2022-09,P0083,141708.4887439728,3.37,2631,53.86,138.73,48.26,A
S002,2022-09,P0125,141439.93372688294,3.37,2794,50.62,146.80,51.63,A
S002,2022-09,P0153,139306.03544087408,3.32,2646,52.65,140.33,54.95,A
S002,2022-09,P0016,137061.9072615623,3.26,2667,51.39,140.30,58.21,A
S002,2022-09,P0183,137055.1758266449,3.26,2801,48.93,145.07,61.48,A
S002,2022-09,P0175,135929.29410967825,3.24,2700,50.34,142.33,64.71,A
S002,2022-09,P0129,134722.54245004657,3.21,2959,45.53,138.97,67.92,A
S002,2022-09,P0046,133424.9342459679,3.18,2603,51.26,138.73,71.1,A
S002,2022-09,P0017,131244.96692876815,3.12,2550,51.47,136.60,74.22,A
S002,2022-09,P0061,130294.79656853677,3.1,2515,51.81,129.07,77.32,A
S002,2022-09,P0068,130136.7767941475,3.1,2903,44.83,148.30,80.42,B
S002,2022-09,P0070,126937.87162046434,3.02,2187,58.04,119.23,83.44,B
S002,2022-09,P0057,122566.3895154953,2.92,2466,49.7,144.33,86.36,B
S002,2022-09,P0149,121701.95843286514,2.9,2714,44.84,136.77,89.26,B
S002,2022-09,P0069,119026.89877667428,2.83,2375,50.12,133.63,92.09,B
S002,2022-09,P0159,117067.41309747695,2.79,2556,45.8,132.63,94.88,B
S002,2022-09,P0116,109139.5143887043,2.6,2379,45.88,130.07,97.48,C
S002,2022-09,P0166,105937.75349102021,2.52,2352,45.04,125.27,100,C
S002,2022-10,P0083,172308.7400123596,4.04,3097,55.64,145.68,4.04,A
S002,2022-10,P0153,170670.75810270305,4.01,3090,55.23,134.74,8.05,A
S002,2022-10,P0068,165872.92115802766,3.89,2820,58.82,139.52,11.94,A
S002,2022-10,P0187,165294.98910503392,3.88,2998,55.14,151.06,15.82,A
S002,2022-10,P0166,157024.91207752228,3.69,3005,52.25,137.97,19.51,A
S002,2022-10,P0126,155423.29303679467,3.65,2942,52.83,148.71,23.16,A
S002,2022-10,P0125,154564.21938858033,3.63,2842,54.39,128.13,26.79,A
S002,2022-10,P0149,154141.9254946709,3.62,2714,56.8,137.52,30.41,A
S002,2022-10,P0066,153891.46814880372,3.61,2854,53.92,143.00,34.02,A
S002,2022-10,P0133,153205.62387070653,3.6,3151,48.62,161.65,37.61,A
S002,2022-10,P0057,149972.45787057877,3.52,2705,55.44,134.55,41.13,A
S002,2022-10,P0067,149430.74867792128,3.51,2766,54.02,140.45,44.64,A
S002,2022-10,P0096,144346.35495271685,3.39,2827,51.06,140.68,48.03,A
S002,2022-10,P0129,142322.19756393434,3.34,2853,49.89,147.61,51.37,A
S002,2022-10,P0031,141340.8541079521,3.32,2351,60.12,131.74,54.69,A
S002,2022-10,P0171,141241.50299606327,3.32,2630,53.7,129.52,58,A
S002,2022-10,P0085,139600.72926630973,3.28,2478,56.34,132.06,61.28,A
S002,2022-10,P0175,138298.84058523178,3.25,2733,50.6,136.52,64.53,A
S002,2022-10,P0116,137257.51269578934,3.22,2937,46.73,149.35,67.75,A
S002,2022-10,P0079,132326.91148662567,3.11,2576,51.37,133.26,70.86,A
S002,2022-10,P0061,130638.70407152176,3.07,2717,48.08,137.94,73.92,A
S002,2022-10,P0046,130087.23616838454,3.05,2986,43.57,139.81,76.98,A
S002,2022-10,P0070,126820.20966835019,2.98,2561,49.52,138.52,79.95,A
S002,2022-10,P0178,126391.9376599312,2.97,2717,46.52,137.06,82.92,B
S002,2022-10,P0094,124591.02236185073,2.92,2744,45.4,131.10,85.84,B
S002,2022-10,P0016,124551.79310989381,2.92,2627,47.41,133.68,88.77,B
S002,2022-10,P0183,123588.16999073027,2.9,2756,44.84,137.19,91.67,B
S002,2022-10,P0017,122964.21054916384,2.89,2744,44.81,136.74,94.56,B
S002,2022-10,P0069,122692.12007150649,2.88,3390,36.19,159.87,97.44,C
S002,2022-10,P0159,109230.24951715468,2.56,2404,45.44,124.68,100,C
S002,2022-11,P0046,227784.46082954406,4.79,4066,56.02,180.40,4.79,A
S002,2022-11,P0057,225559.69049015045,4.75,4168,54.12,185.73,9.54,A
S002,2022-11,P0061,208022.98506441116,4.38,3950,52.66,185.03,13.92,A
S002,2022-11,P0125,206276.82475833892,4.34,3938,52.38,172.00,18.26,A
S002,2022-11,P0066,198331.38587431906,4.17,3903,50.82,173.67,22.44,A
S002,2022-11,P0178,196628.67367172238,4.14,3780,52.02,164.73,26.58,A
S002,2022-11,P0016,194281.59849910735,4.09,3840,50.59,175.30,30.67,A
S002,2022-11,P0187,192818.05028228762,4.06,3971,48.56,182.97,34.73,A
S002,2022-11,P0069,190347.1142030716,4.01,3776,50.41,178.43,38.73,A
S002,2022-11,P0126,190004.9203327179,4,3935,48.29,181.73,42.73,A
S002,2022-11,P0133,165835.68723125456,3.49,3773,43.95,174.13,46.22,A
S002,2022-11,P0116,153856.97158975602,3.24,2966,51.87,141.40,49.46,A
S002,2022-11,P0166,153604.36553583143,3.23,2813,54.61,141.87,52.7,A
S002,2022-11,P0129,142299.99705419538,3,2946,48.3,158.57,55.69,A
S002,2022-11,P0068,142151.814966774,2.99,2868,49.56,149.07,58.68,A
S002,2022-11,P0149,141895.6856491089,2.99,2578,55.04,131.10,61.67,A
S002,2022-11,P0031,141892.86208014487,2.99,2930,48.43,137.40,64.66,A
S002,2022-11,P0085,141890.69730491636,2.99,2525,56.19,127.90,67.64,A
S002,2022-11,P0094,140012.87631072995,2.95,2743,51.04,143.90,70.59,A
S002,2022-11,P0017,137399.0292957306,2.89,2617,52.5,143.13,73.48,A
S002,2022-11,P0096,137318.20622644425,2.89,2847,48.23,151.00,76.37,A
S002,2022-11,P0171,136304.2183013916,2.87,2666,51.13,145.07,79.24,A
S002,2022-11,P0067,136008.2629518509,2.86,3028,44.92,154.53,82.11,B
S002,2022-11,P0070,131440.24400491716,2.77,2550,51.55,145.07,84.87,B
S002,2022-11,P0183,129186.92291641235,2.72,2608,49.53,136.33,87.59,B
S002,2022-11,P0153,127533.4648540497,2.68,2855,44.67,148.90,90.28,B
S002,2022-11,P0175,124511.47805776595,2.62,2481,50.19,134.83,92.9,B
S002,2022-11,P0083,114692.76508750913,2.41,2482,46.21,134.27,95.31,C
S002,2022-11,P0079,111737.58471431733,2.35,2410,46.36,115.70,97.66,C
S002,2022-11,P0159,110946.09897456171,2.34,2391,46.4,123.10,100,C
S002,2022-12,P0066,243050.7758392334,5.14,4120,58.99,185.32,5.14,A
S002,2022-12,P0057,219658.48684329988,4.64,4243,51.77,194.00,9.78,A
S002,2022-12,P0187,213375.38096427915,4.51,4021,53.07,187.35,14.29,A
S002,2022-12,P0016,210605.3981336594,4.45,4222,49.88,185.65,18.74,A
S002,2022-12,P0061,208036.29917869566,4.4,3958,52.56,181.16,23.14,A
S002,2022-12,P0069,198697.57577753064,4.2,4227,47.01,175.03,27.34,A
S002,2022-12,P0046,179769.89255104063,3.8,3733,48.16,166.19,31.14,A
S002,2022-12,P0133,178982.12528748516,3.78,3958,45.22,168.03,34.92,A
S002,2022-12,P0178,178465.2923736572,3.77,4137,43.14,171.90,38.69,A
S002,2022-12,P0126,163314.92821125986,3.45,3807,42.9,166.81,42.14,A
S002,2022-12,P0171,155756.39312286375,3.29,2733,56.99,137.55,45.43,A
S002,2022-12,P0067,151699.81571207044,3.21,2965,51.16,143.84,48.64,A
S002,2022-12,P0129,149598.60879192353,3.16,2908,51.44,148.23,51.8,A
S002,2022-12,P0183,149042.33866844175,3.15,2663,55.97,133.52,54.95,A
S002,2022-12,P0153,146947.73492527008,3.11,2922,50.29,150.06,58.06,A
S002,2022-12,P0070,146323.5308067322,3.09,2816,51.96,140.65,61.15,A
S002,2022-12,P0125,145706.0184096813,3.08,3706,39.32,168.71,64.23,A
S002,2022-12,P0079,143869.61222410208,3.04,3138,45.85,146.81,67.27,A
S002,2022-12,P0096,140359.07886452676,2.97,2897,48.45,141.71,70.24,A
S002,2022-12,P0149,139726.53623037343,2.95,3049,45.83,148.90,73.19,A
S002,2022-12,P0068,138895.80565462116,2.94,2689,51.65,138.39,76.12,A
S002,2022-12,P0116,137680.59610605237,2.91,2824,48.75,150.45,79.03,A
S002,2022-12,P0175,137025.23481597903,2.9,2512,54.55,130.87,81.93,B
S002,2022-12,P0085,135490.7179508686,2.86,2908,46.59,145.68,84.79,B
S002,2022-12,P0031,128417.16817302705,2.71,2641,48.62,129.81,87.51,B
S002,2022-12,P0166,128070.60744457245,2.71,2783,46.02,141.23,90.21,B
S002,2022-12,P0159,124122.11120042801,2.62,2534,48.98,135.13,92.84,B
S002,2022-12,P0083,114530.11274166108,2.42,2495,45.9,144.06,95.26,C
S002,2022-12,P0017,114508.16726903917,2.42,2634,43.47,132.03,97.68,C
S002,2022-12,P0094,109891.42233872414,2.32,2515,43.69,129.35,100,C
S002,2023-01,P0061,252566.62049398426,4.96,4105,61.53,177.48,4.96,A
S002,2023-01,P0133,232562.62612943648,4.56,4386,53.02,189.81,9.52,A
S002,2023-01,P0046,229750.76764192584,4.51,3888,59.09,171.06,14.03,A
S002,2023-01,P0187,217159.30931777952,4.26,4263,50.94,191.26,18.29,A
S002,2023-01,P0016,214592.2657147407,4.21,4042,53.09,181.35,22.5,A
S002,2023-01,P0066,206416.26185712815,4.05,4064,50.79,174.52,26.55,A
S002,2023-01,P0125,198568.10481109621,3.9,4411,45.02,196.06,30.45,A
S002,2023-01,P0178,198531.6199930191,3.9,4023,49.35,175.23,34.34,A
S002,2023-01,P0126,195155.3206871033,3.83,3927,49.7,188.10,38.17,A
S002,2023-01,P0057,191183.0083742142,3.75,3900,49.02,180.65,41.92,A
S002,2023-01,P0069,183224.4691766739,3.6,3902,46.96,180.48,45.52,A
S002,2023-01,P0149,167557.86512899396,3.29,3329,50.33,154.94,48.8,A
S002,2023-01,P0166,166451.1279328346,3.27,2949,56.44,142.32,52.07,A
S002,2023-01,P0085,164400.15176649095,3.23,2807,58.57,146.29,55.3,A
S002,2023-01,P0171,158467.3291586876,3.11,3074,51.55,142.71,58.41,A
S002,2023-01,P0129,157125.75499305726,3.08,2968,52.94,145.68,61.49,A
S002,2023-01,P0067,156923.28619685172,3.08,2884,54.41,136.84,64.57,A
S002,2023-01,P0070,155782.4851020813,3.06,2861,54.45,141.65,67.62,A
S002,2023-01,P0031,147995.30728192328,2.9,2913,50.81,140.48,70.53,A
S002,2023-01,P0175,145870.73182086946,2.86,2938,49.65,139.81,73.39,A
S002,2023-01,P0094,142916.67285604478,2.8,2588,55.22,145.35,76.2,A
S002,2023-01,P0116,140977.85623869897,2.77,3211,43.9,160.87,78.96,A
S002,2023-01,P0096,140398.25898456573,2.75,2885,48.66,139.16,81.72,B
S002,2023-01,P0083,139551.90698394776,2.74,2975,46.91,144.55,84.45,B
S002,2023-01,P0159,135490.53322162628,2.66,2883,47,138.68,87.11,B
S002,2023-01,P0079,133146.8453127861,2.61,2877,46.28,139.71,89.73,B
S002,2023-01,P0153,132006.22412252426,2.59,2715,48.62,155.68,92.32,B
S002,2023-01,P0017,131858.52584462165,2.59,3029,43.53,148.90,94.9,B
S002,2023-01,P0183,131604.0835937977,2.58,3095,42.52,149.48,97.49,C
S002,2023-01,P0068,128150.4923382759,2.51,2710,47.29,149.94,100,C
S002,2023-02,P0061,211955.21483917237,4.81,3710,57.13,182.79,4.81,A
S002,2023-02,P0178,201829.69392528533,4.58,3640,55.45,182.46,9.39,A
S002,2023-02,P0016,196735.96017112728,4.46,3874,50.78,183.64,13.85,A
S002,2023-02,P0133,188959.36284847258,4.29,3629,52.07,176.07,18.14,A
S002,2023-02,P0057,185901.96394138338,4.22,3492,53.24,165.96,22.35,A
S002,2023-02,P0066,184779.39711961744,4.19,3433,53.82,187.82,26.54,A
S002,2023-02,P0046,182414.51504211425,4.14,3774,48.33,169.54,30.68,A
S002,2023-02,P0187,175604.01642704013,3.98,3704,47.41,185.64,34.67,A
S002,2023-02,P0069,158804.24605207445,3.6,3553,44.7,170.86,38.27,A
S002,2023-02,P0116,152027.3466141701,3.45,2761,55.06,145.96,41.72,A
S002,2023-02,P0126,148339.23599691392,3.36,3557,41.7,170.82,45.08,A
S002,2023-02,P0149,145060.0550014496,3.29,2569,56.47,140.32,48.37,A
S002,2023-02,P0094,143953.80140447617,3.27,2914,49.4,157.29,51.64,A
S002,2023-02,P0125,143715.38154387474,3.26,3864,37.19,180.43,54.9,A
S002,2023-02,P0096,143469.54670238495,3.25,2575,55.72,143.39,58.15,A
S002,2023-02,P0083,140982.15983209608,3.2,2836,49.71,141.57,61.35,A
S002,2023-02,P0070,131787.03079128265,2.99,2516,52.38,142.25,64.34,A
S002,2023-02,P0085,131712.31362247467,2.99,2512,52.43,133.18,67.33,A
S002,2023-02,P0017,130893.60160923004,2.97,2532,51.7,140.46,70.3,A
S002,2023-02,P0159,129527.48325014116,2.94,2684,48.26,147.39,73.23,A
S002,2023-02,P0175,126920.55480914116,2.88,2423,52.38,135.00,76.11,A
S002,2023-02,P0166,125831.65991916654,2.85,2619,48.05,136.79,78.97,A
S002,2023-02,P0031,125622.15394620896,2.85,2247,55.91,136.54,81.82,B
S002,2023-02,P0153,123268.06696653365,2.8,2633,46.82,134.93,84.61,B
S002,2023-02,P0079,120684.42155609131,2.74,2247,53.71,130.07,87.35,B
S002,2023-02,P0067,117097.7165001869,2.66,2499,46.86,129.25,90.01,B
S002,2023-02,P0129,114592.46891250611,2.6,2420,47.35,145.71,92.61,B
S002,2023-02,P0068,113725.28125543594,2.58,2372,47.94,122.82,95.19,C
S002,2023-02,P0183,106771.88143701553,2.42,2343,45.57,134.89,97.61,C
S002,2023-02,P0171,105390.9003268242,2.39,2262,46.59,127.36,100,C
S002,2023-03,P0079,192264.55734004974,4.34,3030,63.45,152.19,4.34,A
S002,2023-03,P0094,184807.8802629471,4.18,3341,55.32,160.61,8.52,A
S002,2023-03,P0061,176953.31183881758,4,3237,54.67,158.65,12.52,A
S002,2023-03,P0116,168602.4554954529,3.81,2981,56.56,145.32,16.33,A
S002,2023-03,P0159,168168.07657942772,3.8,3192,52.68,151.90,20.13,A
S002,2023-03,P0046,165651.84169769287,3.74,2894,57.24,148.42,23.87,A
S002,2023-03,P0070,158148.77288041115,3.57,2834,55.8,144.52,27.44,A
S002,2023-03,P0066,157312.08628635405,3.55,2979,52.81,141.61,31,A
S002,2023-03,P0126,156551.2663889408,3.54,3064,51.09,146.26,34.54,A
S002,2023-03,P0057,152489.2174789429,3.45,2894,52.69,132.00,37.98,A
S002,2023-03,P0129,151887.757883358,3.43,3008,50.49,148.39,41.41,A
S002,2023-03,P0149,151527.00657978057,3.42,2941,51.52,138.71,44.84,A
S002,2023-03,P0178,151512.50148754125,3.42,3009,50.35,138.19,48.26,A
S002,2023-03,P0096,146494.7514076233,3.31,2881,50.85,144.16,51.57,A
S002,2023-03,P0187,145844.54950051307,3.3,2939,49.62,152.13,54.87,A
S002,2023-03,P0017,145056.90960965157,3.28,3215,45.12,150.55,58.15,A
S002,2023-03,P0016,144376.32173662185,3.26,2825,51.11,133.16,61.41,A
S002,2023-03,P0153,139666.51845712663,3.16,2776,50.31,131.94,64.56,A
S002,2023-03,P0125,138781.78335514068,3.14,2827,49.09,140.06,67.7,A
S002,2023-03,P0083,138768.76895456313,3.14,2674,51.9,134.03,70.83,A
S002,2023-03,P0166,138093.2413212776,3.12,2756,50.11,142.74,73.96,A
S002,2023-03,P0068,137187.27091207504,3.1,2787,49.22,129.77,77.05,A
S002,2023-03,P0085,133733.36190156935,3.02,2448,54.63,138.81,80.08,B
S002,2023-03,P0175,132869.19691066744,3,2527,52.58,128.58,83.08,B
S002,2023-03,P0069,132809.7954899788,3,2844,46.7,145.71,86.08,B
S002,2023-03,P0133,127961.33499479294,2.89,2614,48.95,131.42,88.97,B
S002,2023-03,P0031,127723.42993040083,2.89,2974,42.95,149.58,91.86,B
S002,2023-03,P0067,126859.07767891884,2.87,2738,46.33,137.77,94.72,B
S002,2023-03,P0183,125963.5572958946,2.85,2848,44.23,139.94,97.57,C
S002,2023-03,P0171,107534.99557733536,2.43,2637,40.78,132.97,100,C
S002,2023-04,P0096,175043.3160333633,4.03,2989,58.56,142.00,4.03,A
S002,2023-04,P0016,172157.6125562668,3.96,3142,54.79,148.57,7.99,A
S002,2023-04,P0046,172117.43065528874,3.96,3135,54.9,146.33,11.94,A
S002,2023-04,P0083,162468.9739998817,3.74,3078,52.78,143.83,15.68,A
S002,2023-04,P0066,160094.4880727768,3.68,2838,56.41,147.57,19.36,A
S002,2023-04,P0133,158958.6207113266,3.66,3148,50.5,154.33,23.02,A
S002,2023-04,P0061,158317.2193210602,3.64,2685,58.96,131.97,26.66,A
S002,2023-04,P0129,156953.01394100187,3.61,2800,56.05,146.03,30.27,A
S002,2023-04,P0094,155235.60704145432,3.57,2921,53.14,149.10,33.84,A
S002,2023-04,P0153,154661.00237636568,3.56,2768,55.87,135.23,37.4,A
S002,2023-04,P0067,154643.97175559995,3.56,3154,49.03,159.87,40.96,A
S002,2023-04,P0116,151262.23225803373,3.48,2762,54.77,147.30,44.44,A
S002,2023-04,P0183,150171.79092035294,3.45,2817,53.31,144.17,47.89,A
S002,2023-04,P0166,149213.1990316391,3.43,2664,56.01,131.40,51.32,A
S002,2023-04,P0178,148793.30047121044,3.42,2646,56.23,144.47,54.74,A
S002,2023-04,P0187,146513.8245979786,3.37,2836,51.66,149.37,58.11,A
S002,2023-04,P0159,145915.6101366997,3.36,3135,46.54,167.47,61.47,A
S002,2023-04,P0069,143884.61445426944,3.31,2764,52.06,141.83,64.78,A
S002,2023-04,P0085,142731.11408228878,3.28,2680,53.26,152.67,68.06,A
S002,2023-04,P0079,139815.6943828583,3.22,2845,49.14,146.13,71.28,A
S002,2023-04,P0070,137317.33897027967,3.16,2467,55.66,130.37,74.44,A
S002,2023-04,P0017,129548.52288484572,2.98,2675,48.43,150.63,77.42,A
S002,2023-04,P0031,128234.79144735336,2.95,2576,49.78,139.43,80.37,B
S002,2023-04,P0126,128085.78606233596,2.95,2900,44.17,154.73,83.31,B
S002,2023-04,P0068,127745.5692369461,2.94,2579,49.53,138.03,86.25,B
S002,2023-04,P0125,122165.37131862642,2.81,2458,49.7,132.20,89.06,B
S002,2023-04,P0057,121810.61727724074,2.8,2647,46.02,140.50,91.86,B
S002,2023-04,P0175,120996.05252513885,2.78,2777,43.57,128.73,94.65,B
S002,2023-04,P0171,117426.6450073242,2.7,2305,50.94,123.13,97.35,C
S002,2023-04,P0149,115345.62671995162,2.65,2830,40.76,131.20,100,C
S002,2023-05,P0178,182777.95617103582,4.13,3218,56.8,151.23,4.13,A
S002,2023-05,P0094,181607.82863206865,4.1,3985,45.57,187.77,8.23,A
S002,2023-05,P0166,177434.22955160143,4.01,3404,52.13,160.19,12.23,A
S002,2023-05,P0067,176030.53280067444,3.97,3213,54.79,153.74,16.21,A
S002,2023-05,P0085,169971.75525054932,3.84,2869,59.24,138.71,20.05,A
S002,2023-05,P0125,167671.11853694913,3.79,3346,50.11,167.23,23.83,A
S002,2023-05,P0133,159785.41951522828,3.61,2902,55.06,156.48,27.44,A
S002,2023-05,P0069,157146.21173400874,3.55,2931,53.62,139.74,30.99,A
S002,2023-05,P0153,157113.79696245195,3.55,3236,48.55,155.71,34.54,A
S002,2023-05,P0066,155707.53209095,3.52,2876,54.14,143.48,38.05,A
S002,2023-05,P0017,151740.8897141934,3.43,2908,52.18,148.90,41.48,A
S002,2023-05,P0183,149554.37314414978,3.38,2721,54.96,139.00,44.86,A
S002,2023-05,P0096,148589.31415433885,3.36,2891,51.4,135.06,48.21,A
S002,2023-05,P0126,146766.66526908876,3.31,2909,50.45,145.61,51.52,A
S002,2023-05,P0149,145385.04686803816,3.28,2838,51.23,139.26,54.81,A
S002,2023-05,P0171,145279.71722431184,3.28,2660,54.62,132.45,58.09,A
S002,2023-05,P0083,144943.82048382759,3.27,3027,47.88,144.52,61.36,A
S002,2023-05,P0116,141733.90818004607,3.2,2530,56.02,129.23,64.56,A
S002,2023-05,P0046,141376.67642269132,3.19,2844,49.71,139.13,67.75,A
S002,2023-05,P0016,140216.65178527829,3.17,2824,49.65,145.65,70.92,A
S002,2023-05,P0129,136253.6193687439,3.08,3103,43.91,150.81,73.99,A
S002,2023-05,P0061,135117.42414627073,3.05,2632,51.34,128.32,77.05,A
S002,2023-05,P0068,134807.87080869675,3.04,2443,55.18,118.32,80.09,B
S002,2023-05,P0079,133905.19868679048,3.02,2830,47.32,142.35,83.11,B
S002,2023-05,P0031,133577.07231464385,3.02,2721,49.09,140.81,86.13,B
S002,2023-05,P0187,131603.29639873505,2.97,2883,45.65,141.42,89.1,B
S002,2023-05,P0057,123370.61263771057,2.79,2715,45.44,128.90,91.89,B
S002,2023-05,P0175,122795.97132081985,2.77,2569,47.8,131.32,94.66,B
S002,2023-05,P0070,120626.40742154121,2.72,2813,42.88,137.81,97.38,C
S002,2023-05,P0159,115906.89173517226,2.62,2603,44.53,139.32,100,C
S002,2023-06,P0166,181738.38265724183,4.31,3550,51.19,167.03,4.31,A
S002,2023-06,P0079,178677.88642592428,4.24,3100,57.64,157.17,8.55,A
S002,2023-06,P0016,175354.1412291527,4.16,3073,57.06,143.33,12.7,A
S002,2023-06,P0094,168561.11106615068,4,3534,47.7,161.87,16.7,A
S002,2023-06,P0069,164179.54584026337,3.89,2862,57.37,143.73,20.59,A
S002,2023-06,P0133,149792.30784626005,3.55,2729,54.89,133.53,24.15,A
S002,2023-06,P0153,149781.98500194552,3.55,2771,54.05,135.70,27.7,A
S002,2023-06,P0116,149574.22239112854,3.55,2795,53.51,142.87,31.24,A
S002,2023-06,P0126,147383.06504135128,3.49,2559,57.59,140.40,34.74,A
S002,2023-06,P0178,144045.90437698364,3.42,2842,50.68,140.00,38.15,A
S002,2023-06,P0057,143683.17291126252,3.41,2802,51.28,139.33,41.56,A
S002,2023-06,P0067,143409.59138507844,3.4,2740,52.34,143.77,44.96,A
S002,2023-06,P0175,142058.3678337097,3.37,2898,49.02,138.57,48.33,A
S002,2023-06,P0085,140178.46780190466,3.32,2847,49.24,144.13,51.65,A
S002,2023-06,P0046,139274.31157722475,3.3,2733,50.96,135.50,54.96,A
S002,2023-06,P0096,137539.5496073246,3.26,2899,47.44,144.37,58.22,A
S002,2023-06,P0183,134351.18529396056,3.19,2409,55.77,139.07,61.4,A
S002,2023-06,P0171,134288.777112484,3.18,2578,52.09,142.87,64.59,A
S002,2023-06,P0031,133520.2401578903,3.17,2579,51.77,141.33,67.75,A
S002,2023-06,P0083,132191.72487864492,3.13,2848,46.42,139.97,70.89,A
S002,2023-06,P0187,132059.89029226304,3.13,2897,45.59,138.87,74.02,A
S002,2023-06,P0070,127275.24875230787,3.02,2630,48.39,145.03,77.04,A
S002,2023-06,P0068,126604.99324569703,3,2486,50.93,127.63,80.04,B
S002,2023-06,P0017,126470.19796390536,3,2783,45.44,147.87,83.04,B
S002,2023-06,P0129,124119.49959821704,2.94,2743,45.25,142.47,85.98,B
S002,2023-06,P0149,123515.02310333255,2.93,2577,47.93,138.87,88.91,B
S002,2023-06,P0159,122718.16402664181,2.91,2581,47.55,130.53,91.82,B
S002,2023-06,P0125,121339.01885414125,2.88,2858,42.46,150.70,94.7,B
S002,2023-06,P0061,118064.54244174958,2.8,2776,42.53,148.43,97.5,C
S002,2023-06,P0066,105527.05626955033,2.5,2681,39.36,154.47,100,C
S002,2023-07,P0094,176924.61725072865,4.02,3586,49.34,181.06,4.02,A
S002,2023-07,P0066,173993.9856648445,3.95,3105,56.04,162.68,7.97,A
S002,2023-07,P0067,169532.77856721877,3.85,3158,53.68,142.48,11.82,A
S002,2023-07,P0016,165786.366847229,3.77,3145,52.71,152.03,15.59,A
S002,2023-07,P0126,165169.58833799363,3.75,3002,55.02,154.13,19.34,A
S002,2023-07,P0166,164271.909073925,3.73,3687,44.55,165.52,23.07,A
S002,2023-07,P0096,162900.81447639465,3.7,3209,50.76,149.19,26.78,A
S002,2023-07,P0017,158476.79729232786,3.6,3075,51.54,144.16,30.38,A
S002,2023-07,P0171,155273.59797039034,3.53,2874,54.03,145.81,33.9,A
S002,2023-07,P0153,152765.83725757597,3.47,2880,53.04,144.52,37.37,A
S002,2023-07,P0175,148641.77998142244,3.38,2684,55.38,140.94,40.75,A
S002,2023-07,P0116,148337.92091999055,3.37,3029,48.97,149.87,44.12,A
S002,2023-07,P0159,146468.28726329806,3.33,2828,51.79,136.35,47.45,A
S002,2023-07,P0149,146063.30706033704,3.32,3007,48.57,146.45,50.77,A
S002,2023-07,P0129,145354.80941915506,3.3,2766,52.55,133.65,54.07,A
S002,2023-07,P0083,144557.39254045486,3.28,2859,50.56,141.65,57.35,A
S002,2023-07,P0125,144267.89912805555,3.28,2678,53.87,140.58,60.63,A
S002,2023-07,P0069,144194.29969081876,3.28,2488,57.96,140.77,63.91,A
S002,2023-07,P0068,143532.4644485474,3.26,2554,56.2,131.48,67.17,A
S002,2023-07,P0187,142390.98822879794,3.23,2940,48.43,148.81,70.4,A
S002,2023-07,P0079,139634.65830354692,3.17,2806,49.76,133.48,73.57,A
S002,2023-07,P0061,138638.39576511382,3.15,2574,53.86,139.55,76.72,A
S002,2023-07,P0085,137204.76616954803,3.12,2556,53.68,132.68,79.84,A
S002,2023-07,P0183,132894.9395454407,3.02,3057,43.47,157.00,82.86,B
S002,2023-07,P0057,131282.65749988554,2.98,2734,48.02,135.97,85.84,B
S002,2023-07,P0070,130535.95221176148,2.97,2700,48.35,137.45,88.81,B
S002,2023-07,P0178,130278.53091626169,2.96,2726,47.79,137.29,91.77,B
S002,2023-07,P0046,126807.80722808838,2.88,3087,41.08,150.19,94.65,B
S002,2023-07,P0133,122169.07559404372,2.78,2478,49.3,140.90,97.43,C
S002,2023-07,P0031,113342.25764455798,2.57,2791,40.61,135.74,100,C
S002,2023-08,P0129,172778.2540412903,3.96,2920,59.17,150.35,3.96,A
S002,2023-08,P0017,167796.05776958464,3.85,3091,54.29,148.00,7.81,A
S002,2023-08,P0057,165666.39710607528,3.8,2953,56.1,141.29,11.61,A
S002,2023-08,P0116,165583.30634365085,3.8,3192,51.87,155.32,15.41,A
S002,2023-08,P0096,163315.86105566024,3.75,3086,52.92,149.23,19.15,A
S002,2023-08,P0183,161632.00379161836,3.71,2834,57.03,138.68,22.86,A
S002,2023-08,P0187,159430.02830290797,3.66,2841,56.12,139.26,26.52,A
S002,2023-08,P0046,156461.9188088417,3.59,3143,49.78,147.48,30.1,A
S002,2023-08,P0069,155216.85421638488,3.56,2821,55.02,142.68,33.66,A
S002,2023-08,P0066,152847.43941164014,3.51,3078,49.66,149.03,37.17,A
S002,2023-08,P0061,152584.3326309204,3.5,2883,52.93,156.13,40.67,A
S002,2023-08,P0083,150167.99383211133,3.44,3125,48.05,153.48,44.11,A
S002,2023-08,P0175,147188.18749008176,3.38,2877,51.16,141.10,47.49,A
S002,2023-08,P0126,146424.82425746918,3.36,2814,52.03,144.61,50.84,A
S002,2023-08,P0149,145612.6570718765,3.34,2940,49.53,141.71,54.18,A
S002,2023-08,P0166,145537.13184003832,3.34,2829,51.44,144.03,57.52,A
S002,2023-08,P0070,142864.76673274042,3.28,2877,49.66,141.52,60.8,A
S002,2023-08,P0031,142609.18465280533,3.27,2828,50.43,144.48,64.07,A
S002,2023-08,P0079,142597.56025829318,3.27,2803,50.87,146.39,67.34,A
S002,2023-08,P0125,139527.62116265297,3.2,3092,45.13,141.39,70.54,A
S002,2023-08,P0153,139064.04714889528,3.19,2880,48.29,140.94,73.73,A
S002,2023-08,P0085,136877.07844085692,3.14,2607,52.5,132.81,76.87,A
S002,2023-08,P0133,134956.1357343674,3.09,2727,49.49,135.03,79.96,A
S002,2023-08,P0067,134333.73714447021,3.08,2981,45.06,142.16,83.04,B
S002,2023-08,P0068,132217.3687119007,3.03,2892,45.72,146.19,86.07,B
S002,2023-08,P0178,132012.4046309471,3.03,2765,47.74,134.19,89.1,B
S002,2023-08,P0159,125543.56894607544,2.88,2553,49.17,118.29,91.98,B
S002,2023-08,P0094,118558.56070790291,2.72,2907,40.78,134.77,94.7,B
S002,2023-08,P0016,118080.75985183715,2.71,3095,38.15,151.94,97.41,C
S002,2023-08,P0171,113013.81844005585,2.59,2591,43.62,135.00,100,C
S002,2023-09,P0096,187818.28567228315,4.44,3110,60.39,156.90,4.44,A
S002,2023-09,P0057,172777.54056091307,4.08,2994,57.71,143.97,8.52,A
S002,2023-09,P0166,166743.66374659532,3.94,3024,55.14,157.00,12.46,A
S002,2023-09,P0153,166123.6681154251,3.93,2833,58.64,144.97,16.39,A
S002,2023-09,P0094,161741.35358300208,3.82,3138,51.54,154.13,20.21,A
S002,2023-09,P0046,160259.60197649,3.79,2982,53.74,146.60,24,A
S002,2023-09,P0125,150901.27963809966,3.57,2738,55.11,134.40,27.56,A
S002,2023-09,P0017,150825.54716978074,3.56,2849,52.94,143.60,31.13,A
S002,2023-09,P0149,148841.08428325655,3.52,3017,49.33,143.23,34.65,A
S002,2023-09,P0079,148556.1388721466,3.51,2833,52.44,147.87,38.16,A
S002,2023-09,P0066,146909.0482794285,3.47,2697,54.47,143.27,41.63,A
S002,2023-09,P0126,142098.10258302692,3.36,2688,52.86,135.53,44.99,A
S002,2023-09,P0067,138937.94413223266,3.28,2794,49.73,146.27,48.27,A
S002,2023-09,P0133,138718.37514343258,3.28,2755,50.35,135.20,51.55,A
S002,2023-09,P0178,138619.74620976445,3.28,2634,52.63,136.70,54.82,A
S002,2023-09,P0187,137483.5613307953,3.25,2907,47.29,145.10,58.07,A
S002,2023-09,P0031,137204.94065332413,3.24,3051,44.97,144.40,61.32,A
S002,2023-09,P0159,136687.16219654083,3.23,2806,48.71,144.43,64.55,A
S002,2023-09,P0016,135603.4876162529,3.2,2856,47.48,146.27,67.75,A
S002,2023-09,P0171,135233.84085798264,3.2,2709,49.92,141.17,70.95,A
S002,2023-09,P0083,129385.85667800905,3.06,2848,45.43,144.57,74,A
S002,2023-09,P0085,128822.48376340867,3.04,3008,42.83,150.83,77.05,A
S002,2023-09,P0069,128766.68794288633,3.04,2553,50.44,132.47,80.09,B
S002,2023-09,P0068,127587.9641108513,3.02,2727,46.79,141.20,83.11,B
S002,2023-09,P0183,126511.04775462151,2.99,2716,46.58,141.57,86.1,B
S002,2023-09,P0116,125266.21847200397,2.96,2621,47.79,139.17,89.06,B
S002,2023-09,P0070,121497.58388395308,2.87,2831,42.92,135.33,91.93,B
S002,2023-09,P0061,118950.25144629477,2.81,2641,45.04,127.77,94.74,B
S002,2023-09,P0175,117209.2345796585,2.77,2528,46.36,129.00,97.51,C
S002,2023-09,P0129,105419.55322008133,2.49,2476,42.58,123.83,100,C
S002,2023-10,P0166,171068.5290162087,3.93,2943,58.13,150.13,3.93,A
S002,2023-10,P0017,167445.71190767287,3.85,2854,58.67,142.00,7.78,A
S002,2023-10,P0083,163168.45098991395,3.75,3036,53.74,141.71,11.53,A
S002,2023-10,P0016,162786.42133235928,3.74,3103,52.46,151.06,15.28,A
S002,2023-10,P0061,162648.33587961196,3.74,2874,56.59,139.55,19.02,A
S002,2023-10,P0096,160740.3502327442,3.7,2905,55.33,141.87,22.71,A
S002,2023-10,P0069,158794.5450896263,3.65,3137,50.62,154.23,26.36,A
S002,2023-10,P0068,155585.18449726104,3.58,2784,55.89,138.23,29.94,A
S002,2023-10,P0066,154869.74725112916,3.56,2844,54.45,149.00,33.5,A
S002,2023-10,P0159,151440.33146524432,3.48,2955,51.25,142.23,36.98,A
S002,2023-10,P0031,151114.52990407945,3.47,3129,48.29,148.48,40.46,A
S002,2023-10,P0187,150786.64520239827,3.47,3035,49.68,141.58,43.92,A
S002,2023-10,P0067,149680.23447809223,3.44,2982,50.19,138.39,47.37,A
S002,2023-10,P0133,145649.57533316614,3.35,2805,51.92,130.26,50.71,A
S002,2023-10,P0178,144266.7736934662,3.32,2942,49.04,146.65,54.03,A
S002,2023-10,P0129,144068.18296432492,3.31,3088,46.65,145.26,57.34,A
S002,2023-10,P0175,142262.31511416435,3.27,2890,49.23,150.26,60.61,A
S002,2023-10,P0171,141918.69487495424,3.26,2700,52.56,142.45,63.88,A
S002,2023-10,P0116,140827.11853733062,3.24,2576,54.67,131.19,67.12,A
S002,2023-10,P0085,137705.92116508484,3.17,2805,49.09,138.58,70.28,A
S002,2023-10,P0126,137148.51700754164,3.15,2720,50.42,136.06,73.43,A
S002,2023-10,P0046,135751.31973810197,3.12,2584,52.54,126.48,76.56,A
S002,2023-10,P0057,134584.65888500214,3.09,2574,52.29,129.48,79.65,A
S002,2023-10,P0149,133144.2095050812,3.06,2797,47.6,137.58,82.71,B
S002,2023-10,P0125,132917.99393405914,3.06,2918,45.55,135.29,85.77,B
S002,2023-10,P0094,132088.29625139234,3.04,2805,47.09,128.32,88.8,B
S002,2023-10,P0070,129073.36155648231,2.97,2803,46.05,138.45,91.77,B
S002,2023-10,P0079,126048.4958437443,2.9,2813,44.81,138.16,94.67,B
S002,2023-10,P0153,118155.73310766222,2.72,2701,43.75,137.35,97.39,C
S002,2023-10,P0183,113681.53032045363,2.61,2667,42.63,139.48,100,C
S002,2023-11,P0125,232523.8435350895,4.66,4097,56.75,189.80,4.66,A
S002,2023-11,P0178,232075.16987886428,4.65,4046,57.36,183.03,9.31,A
S002,2023-11,P0066,230356.58525419232,4.61,4052,56.85,190.90,13.92,A
S002,2023-11,P0133,216870.58433284762,4.34,4556,47.6,195.43,18.26,A
S002,2023-11,P0016,212590.03605155944,4.26,4340,48.98,196.37,22.52,A
S002,2023-11,P0057,208908.67062835692,4.18,4097,50.99,183.23,26.71,A
S002,2023-11,P0187,206091.31907548904,4.13,3755,54.88,165.23,30.83,A
S002,2023-11,P0046,205339.0035774231,4.11,3722,55.17,180.97,34.95,A
S002,2023-11,P0061,193524.509605217,3.88,4333,44.66,190.63,38.82,A
S002,2023-11,P0159,179062.46309900284,3.59,3003,59.63,150.63,42.41,A
S002,2023-11,P0094,175518.17208900448,3.52,2945,59.6,149.17,45.93,A
S002,2023-11,P0126,162076.7533523083,3.25,3140,51.62,140.10,49.17,A
S002,2023-11,P0069,159322.23847265242,3.19,3605,44.19,167.80,52.36,A
S002,2023-11,P0079,155718.93984789847,3.12,3221,48.34,151.27,55.48,A
S002,2023-11,P0067,153183.65100450517,3.07,2876,53.26,139.87,58.55,A
S002,2023-11,P0085,151761.74209346774,3.04,2826,53.7,146.80,61.59,A
S002,2023-11,P0083,151709.89205093385,3.04,2833,53.55,147.53,64.63,A
S002,2023-11,P0096,149597.26046257018,3,2719,55.02,151.33,67.62,A
S002,2023-11,P0149,146316.42059965135,2.93,2714,53.91,138.23,70.56,A
S002,2023-11,P0166,144560.00730419156,2.9,2698,53.58,140.97,73.45,A
S002,2023-11,P0017,143020.0286743164,2.86,2640,54.17,129.97,76.32,A
S002,2023-11,P0171,142705.2423049927,2.86,2755,51.8,126.83,79.17,A
S002,2023-11,P0175,138370.1095421791,2.77,2952,46.87,148.80,81.95,B
S002,2023-11,P0153,136924.58616738318,2.74,2533,54.06,134.23,84.69,B
S002,2023-11,P0129,135602.6981842041,2.72,2718,49.89,139.40,87.4,B
S002,2023-11,P0116,133941.63964624406,2.68,2508,53.41,134.80,90.09,B
S002,2023-11,P0183,132522.02171640395,2.65,2542,52.13,138.90,92.74,B
S002,2023-11,P0068,128063.871241951,2.57,2645,48.42,141.33,95.31,C
S002,2023-11,P0070,120250.67967119218,2.41,2762,43.54,136.50,97.71,C
S002,2023-11,P0031,114090.72273426056,2.29,2313,49.33,134.47,100,C
S002,2023-12,P0133,273729.36554470065,5.36,4355,62.85,183.97,5.36,A
S002,2023-12,P0057,237398.8813638687,4.65,4461,53.22,194.00,10.01,A
S002,2023-12,P0187,225698.75581703187,4.42,4167,54.16,180.61,14.44,A
S002,2023-12,P0066,216445.75609750746,4.24,4173,51.87,176.52,18.68,A
S002,2023-12,P0125,215580.83656964306,4.22,3912,55.11,171.77,22.9,A
S002,2023-12,P0061,215071.16982746124,4.21,4491,47.89,191.23,27.12,A
S002,2023-12,P0126,198480.27730998994,3.89,3956,50.17,174.39,31,A
S002,2023-12,P0016,197032.97045516965,3.86,3816,51.63,172.26,34.86,A
S002,2023-12,P0178,191736.47607221603,3.76,4298,44.61,188.23,38.62,A
S002,2023-12,P0069,188635.18186540602,3.7,3608,52.28,158.71,42.32,A
S002,2023-12,P0166,185821.2742401123,3.64,3016,61.61,136.97,45.96,A
S002,2023-12,P0046,184317.548503685,3.61,3790,48.63,164.16,49.57,A
S002,2023-12,P0083,171180.64275355343,3.35,3035,56.4,141.48,52.92,A
S002,2023-12,P0171,165609.10250229837,3.24,3074,53.87,149.16,56.17,A
S002,2023-12,P0175,160280.17708663936,3.14,2594,61.79,129.52,59.31,A
S002,2023-12,P0079,157875.30898857117,3.09,2767,57.06,135.13,62.4,A
S002,2023-12,P0017,155271.20155096054,3.04,3074,50.51,150.00,65.44,A
S002,2023-12,P0070,148187.64687767028,2.9,2736,54.16,130.52,68.35,A
S002,2023-12,P0153,144141.090205574,2.82,2724,52.92,135.55,71.17,A
S002,2023-12,P0094,140856.73679475783,2.76,2788,50.52,130.68,73.93,A
S002,2023-12,P0096,140679.86882572173,2.76,2605,54,133.71,76.69,A
S002,2023-12,P0149,140139.87301416395,2.75,2861,48.98,131.52,79.43,A
S002,2023-12,P0067,138230.23132190705,2.71,2915,47.42,142.58,82.14,B
S002,2023-12,P0031,137003.71259765627,2.68,2659,51.52,137.39,84.83,B
S002,2023-12,P0129,133645.01491222385,2.62,3057,43.72,148.42,87.44,B
S002,2023-12,P0183,132751.2436056137,2.6,2696,49.24,128.74,90.05,B
S002,2023-12,P0085,132435.38210239413,2.59,2552,51.89,127.68,92.64,B
S002,2023-12,P0116,129435.81438694,2.54,2817,45.95,149.48,95.18,C
S002,2023-12,P0159,128647.15620865823,2.52,3194,40.28,143.61,97.7,C
S002,2023-12,P0068,117571.85603265763,2.3,2321,50.66,118.84,100,C
S003,2022-01,P0069,251877.86278820038,5.09,4450,56.6,196.68,5.09,A
S003,2022-01,P0126,233921.21838445665,4.73,4059,57.63,180.10,9.82,A
S003,2022-01,P0046,226433.09723682402,4.58,4129,54.84,185.13,14.4,A
S003,2022-01,P0125,225338.41665992743,4.56,4176,53.96,188.65,18.96,A
S003,2022-01,P0178,207622.12977170944,4.2,4218,49.22,197.52,23.15,A
S003,2022-01,P0133,200526.48205642702,4.05,4087,49.06,187.29,27.21,A
S003,2022-01,P0187,200179.7845166206,4.05,4360,45.91,184.13,31.26,A
S003,2022-01,P0057,200058.3528985977,4.05,3887,51.47,176.23,35.3,A
S003,2022-01,P0016,198583.92683963772,4.02,4025,49.34,189.23,39.32,A
S003,2022-01,P0061,192793.05630693436,3.9,3843,50.17,164.65,43.22,A
S003,2022-01,P0149,171925.30428552628,3.48,3012,57.08,139.35,46.69,A
S003,2022-01,P0166,164060.32821884158,3.32,2659,61.7,130.77,50.01,A
S003,2022-01,P0066,161389.07851109505,3.26,3757,42.96,167.23,53.27,A
S003,2022-01,P0153,158242.05478563305,3.2,2995,52.84,149.00,56.47,A
S003,2022-01,P0116,153393.52660884857,3.1,2859,53.65,146.90,59.57,A
S003,2022-01,P0094,152895.64701671602,3.09,2918,52.4,135.10,62.66,A
S003,2022-01,P0031,151984.9724656582,3.07,2923,52,147.16,65.74,A
S003,2022-01,P0085,148983.03244633673,3.01,2895,51.46,137.55,68.75,A
S003,2022-01,P0079,147794.93855085375,2.99,2899,50.98,139.16,71.74,A
S003,2022-01,P0083,142162.93355827333,2.87,3069,46.32,144.87,74.61,A
S003,2022-01,P0070,135334.80087041855,2.74,2660,50.88,135.42,77.35,A
S003,2022-01,P0067,131946.78597564698,2.67,2742,48.12,127.10,80.02,B
S003,2022-01,P0171,130106.19230709075,2.63,2794,46.57,140.87,82.65,B
S003,2022-01,P0096,128454.6437092781,2.6,2743,46.83,140.32,85.24,B
S003,2022-01,P0175,127522.3960246086,2.58,2872,44.4,132.16,87.82,B
S003,2022-01,P0129,125906.9394434929,2.55,2774,45.39,129.52,90.37,B
S003,2022-01,P0068,122105.99970998762,2.47,2528,48.3,127.10,92.84,B
S003,2022-01,P0159,120306.96209664343,2.43,2813,42.77,148.77,95.27,C
S003,2022-01,P0017,118584.6340394497,2.4,2513,47.19,130.52,97.67,C
S003,2022-01,P0183,115339.47334575653,2.33,2462,46.85,131.03,100,C
S003,2022-02,P0125,197133.53769016266,4.44,3833,51.43,191.54,4.44,A
S003,2022-02,P0178,190884.8010377884,4.3,3839,49.72,188.71,8.75,A
S003,2022-02,P0061,188739.82577199934,4.26,3350,56.34,172.18,13,A
S003,2022-02,P0069,177555.1018242836,4,3872,45.86,190.86,17.01,A
S003,2022-02,P0187,176071.36543684007,3.97,3615,48.71,180.61,20.98,A
S003,2022-02,P0133,172259.04924592975,3.88,3741,46.05,176.50,24.86,A
S003,2022-02,P0066,171710.60396356584,3.87,3340,51.41,167.68,28.73,A
S003,2022-02,P0166,171510.02166166302,3.87,2819,60.84,144.14,32.6,A
S003,2022-02,P0057,170890.97169432638,3.85,3706,46.11,177.18,36.45,A
S003,2022-02,P0046,162895.79520854948,3.67,3597,45.29,187.54,40.12,A
S003,2022-02,P0153,158194.47569122317,3.57,2687,58.87,140.00,43.69,A
S003,2022-02,P0016,157647.64224357606,3.55,3657,43.11,183.86,47.24,A
S003,2022-02,P0083,151839.73311748504,3.42,2803,54.17,152.79,50.67,A
S003,2022-02,P0017,148480.43001146318,3.35,2580,57.55,146.68,54.02,A
S003,2022-02,P0126,147051.5128053665,3.32,3003,48.97,146.21,57.33,A
S003,2022-02,P0171,145346.25074634553,3.28,2639,55.08,148.71,60.61,A
S003,2022-02,P0031,143002.5090583801,3.22,2565,55.75,143.79,63.83,A
S003,2022-02,P0096,139656.51062927247,3.15,2559,54.57,136.79,66.98,A
S003,2022-02,P0079,137245.7556951523,3.09,2555,53.72,140.79,70.08,A
S003,2022-02,P0175,135001.10378875735,3.04,2593,52.06,149.93,73.12,A
S003,2022-02,P0183,134210.95165843965,3.03,2493,53.84,147.79,76.14,A
S003,2022-02,P0149,129510.38081626891,2.92,2301,56.28,122.79,79.06,A
S003,2022-02,P0094,125390.56196517944,2.83,2536,49.44,140.07,81.89,B
S003,2022-02,P0129,123808.35748643875,2.79,2590,47.8,140.39,84.68,B
S003,2022-02,P0085,123415.0071665764,2.78,2158,57.19,118.32,87.47,B
S003,2022-02,P0068,118631.73518781661,2.67,2334,50.83,140.82,90.14,B
S003,2022-02,P0067,117720.5127094269,2.65,2407,48.91,137.43,92.79,B
S003,2022-02,P0070,116637.86270875929,2.63,2370,49.21,138.36,95.42,C
S003,2022-02,P0116,108042.93114404677,2.44,2635,41,135.54,97.86,C
S003,2022-02,P0159,94906.95841560364,2.14,2257,42.05,130.14,100,C
S003,2022-03,P0057,174875.42801389692,3.91,3076,56.85,153.39,3.91,A
S003,2022-03,P0061,171156.27285733225,3.83,2923,58.56,148.26,7.74,A
S003,2022-03,P0159,167648.74739913942,3.75,2954,56.75,133.48,11.49,A
S003,2022-03,P0016,166953.92116584774,3.73,3083,54.15,152.16,15.22,A
S003,2022-03,P0067,165564.65928997993,3.7,2821,58.69,142.68,18.93,A
S003,2022-03,P0125,162454.38252315525,3.63,2770,58.65,129.58,22.56,A
S003,2022-03,P0178,161384.19625244138,3.61,2934,55,139.68,26.17,A
S003,2022-03,P0149,161006.9209518433,3.6,2889,55.73,139.23,29.77,A
S003,2022-03,P0187,160261.81593790057,3.58,2900,55.26,150.74,33.36,A
S003,2022-03,P0096,160174.21316452028,3.58,2935,54.57,150.65,36.94,A
S003,2022-03,P0069,159283.0628700256,3.56,2876,55.38,149.68,40.5,A
S003,2022-03,P0129,154532.93789291385,3.46,3171,48.73,150.39,43.96,A
S003,2022-03,P0116,153677.24970607756,3.44,2813,54.63,145.00,47.4,A
S003,2022-03,P0079,151455.15391559602,3.39,2866,52.85,134.65,50.78,A
S003,2022-03,P0083,149874.4494146347,3.35,2862,52.37,149.13,54.14,A
S003,2022-03,P0166,149505.94653968813,3.34,2675,55.89,137.13,57.48,A
S003,2022-03,P0066,148941.54743270876,3.33,3333,44.69,169.13,60.81,A
S003,2022-03,P0031,143384.27158346178,3.21,2659,53.92,131.13,64.02,A
S003,2022-03,P0175,143084.51126532556,3.2,2722,52.57,132.61,67.22,A
S003,2022-03,P0171,139930.3010354042,3.13,2464,56.79,130.42,70.35,A
S003,2022-03,P0126,139155.96444683074,3.11,2524,55.13,135.94,73.46,A
S003,2022-03,P0046,138875.23783779144,3.11,2746,50.57,141.29,76.57,A
S003,2022-03,P0153,133841.4739113808,2.99,2725,49.12,131.13,79.56,A
S003,2022-03,P0068,133761.9131611824,2.99,2673,50.04,128.26,82.55,B
S003,2022-03,P0085,133659.01320457458,2.99,2512,53.21,130.94,85.54,B
S003,2022-03,P0070,133111.35515127185,2.98,2847,46.75,149.68,88.52,B
S003,2022-03,P0094,131946.8735491753,2.95,2857,46.18,142.74,91.47,B
S003,2022-03,P0133,131941.1942440033,2.95,2919,45.2,141.58,94.42,B
S003,2022-03,P0183,125050.24667167664,2.8,2762,45.28,129.81,97.22,C
S003,2022-03,P0017,124365.99036598204,2.78,2830,43.95,137.97,100,C
S003,2022-04,P0057,173284.13110980994,4.04,3294,52.61,159.57,4.04,A
S003,2022-04,P0166,162335.1261144638,3.79,2734,59.38,134.33,7.83,A
S003,2022-04,P0125,159254.29030303957,3.72,2776,57.37,144.87,11.55,A
S003,2022-04,P0046,156433.23727579118,3.65,2814,55.59,145.30,15.2,A
S003,2022-04,P0116,153249.45548944472,3.58,2849,53.79,139.63,18.78,A
S003,2022-04,P0153,152560.1124864578,3.56,2649,57.59,138.57,22.34,A
S003,2022-04,P0096,152344.36352100375,3.56,2992,50.92,152.17,25.9,A
S003,2022-04,P0016,149325.02865648273,3.49,2747,54.36,137.63,29.38,A
S003,2022-04,P0133,149059.44860229493,3.48,2520,59.15,129.50,32.86,A
S003,2022-04,P0031,148187.30753355025,3.46,2438,60.78,127.53,36.32,A
S003,2022-04,P0066,147261.22845444674,3.44,2890,50.96,134.07,39.76,A
S003,2022-04,P0126,147124.00792942048,3.43,2894,50.84,141.10,43.19,A
S003,2022-04,P0187,146727.87898130418,3.42,2759,53.18,134.70,46.61,A
S003,2022-04,P0094,145335.5923569679,3.39,2876,50.53,144.93,50.01,A
S003,2022-04,P0061,144706.96419630048,3.38,2804,51.61,145.23,53.38,A
S003,2022-04,P0085,143652.62335271834,3.35,3074,46.73,146.13,56.74,A
S003,2022-04,P0083,143443.98387942318,3.35,2783,51.54,146.43,60.08,A
S003,2022-04,P0129,142257.1919363022,3.32,2630,54.09,140.00,63.4,A
S003,2022-04,P0171,140980.1711744308,3.29,2700,52.21,132.50,66.7,A
S003,2022-04,P0069,140565.99454679491,3.28,2833,49.62,141.83,69.98,A
S003,2022-04,P0178,139046.20835123063,3.25,2585,53.79,137.87,73.22,A
S003,2022-04,P0017,137434.53470640184,3.21,2617,52.52,133.73,76.43,A
S003,2022-04,P0079,136831.6725848198,3.19,2791,49.03,139.07,79.62,A
S003,2022-04,P0067,132722.7532577515,3.1,2720,48.8,146.80,82.72,B
S003,2022-04,P0159,131232.76955223083,3.06,2695,48.69,134.80,85.78,B
S003,2022-04,P0183,129917.44855852125,3.03,2892,44.92,149.83,88.82,B
S003,2022-04,P0070,129893.26845006944,3.03,2475,52.48,147.00,91.85,B
S003,2022-04,P0149,121538.7522473335,2.84,2373,51.22,120.13,94.68,B
S003,2022-04,P0175,120940.97941112518,2.82,2506,48.26,145.83,97.51,C
S003,2022-04,P0068,106791.62007904053,2.49,2497,42.77,130.43,100,C
S003,2022-05,P0094,188156.14546985624,4.4,3775,49.84,170.71,4.4,A
S003,2022-05,P0166,180220.85347347258,4.21,3584,50.28,164.39,8.61,A
S003,2022-05,P0125,162804.40218229292,3.81,3157,51.57,155.35,12.42,A
S003,2022-05,P0061,161188.22976531985,3.77,2969,54.29,143.35,16.19,A
S003,2022-05,P0133,160956.07971801757,3.76,3034,53.05,149.06,19.95,A
S003,2022-05,P0067,152278.85411138533,3.56,2899,52.53,140.23,23.52,A
S003,2022-05,P0153,151110.36648311614,3.53,3015,50.12,138.58,27.05,A
S003,2022-05,P0083,149393.73591032025,3.49,2936,50.88,147.58,30.54,A
S003,2022-05,P0149,147928.4287032604,3.46,3033,48.77,138.58,34,A
S003,2022-05,P0016,146402.27905864714,3.42,2697,54.28,129.35,37.43,A
S003,2022-05,P0068,143685.035830307,3.36,2598,55.31,130.84,40.79,A
S003,2022-05,P0070,142774.51904888154,3.34,2713,52.63,121.90,44.12,A
S003,2022-05,P0066,141945.28438587187,3.32,2948,48.15,150.81,47.44,A
S003,2022-05,P0069,140119.0289764881,3.28,3005,46.63,153.10,50.72,A
S003,2022-05,P0096,139844.16311187745,3.27,2594,53.91,121.16,53.99,A
S003,2022-05,P0031,139791.49381542206,3.27,2782,50.25,143.81,57.26,A
S003,2022-05,P0057,139473.87486162182,3.26,2866,48.66,131.87,60.52,A
S003,2022-05,P0175,138861.21112823483,3.25,2656,52.28,136.10,63.77,A
S003,2022-05,P0183,137132.64263763427,3.21,2937,46.69,141.61,66.98,A
S003,2022-05,P0116,136391.40442180634,3.19,2677,50.95,136.23,70.16,A
S003,2022-05,P0079,135643.8170530319,3.17,2861,47.41,147.03,73.34,A
S003,2022-05,P0171,135385.71856269834,3.17,2673,50.65,130.10,76.5,A
S003,2022-05,P0129,134608.9119438648,3.15,2893,46.53,134.03,79.65,A
S003,2022-05,P0046,133664.37880039212,3.13,2958,45.19,142.23,82.78,B
S003,2022-05,P0178,130633.88351655005,3.05,2752,47.47,132.90,85.83,B
S003,2022-05,P0126,128733.86206054688,3.01,2423,53.13,126.00,88.84,B
S003,2022-05,P0187,127240.75322265626,2.98,2718,46.81,146.42,91.82,B
S003,2022-05,P0017,126022.9715010643,2.95,2991,42.13,143.90,94.76,B
S003,2022-05,P0085,115404.50229940412,2.7,2342,49.28,123.77,97.46,C
S003,2022-05,P0159,108523.96939735413,2.54,2397,45.27,126.32,100,C
S003,2022-06,P0166,219290.35592083933,5.23,4191,52.32,194.80,5.23,A
S003,2022-06,P0094,204709.09352226256,4.88,3786,54.07,174.90,10.11,A
S003,2022-06,P0067,170519.45617542267,4.06,3130,54.48,150.20,14.17,A
S003,2022-06,P0187,158696.27680912017,3.78,2929,54.18,154.13,17.95,A
S003,2022-06,P0031,154087.69366798401,3.67,2770,55.63,135.23,21.63,A
S003,2022-06,P0069,153410.39895973206,3.66,2832,54.17,148.67,25.28,A
S003,2022-06,P0125,152056.81872439384,3.62,2796,54.38,146.33,28.91,A
S003,2022-06,P0178,142535.22260847088,3.4,2801,50.89,149.10,32.3,A
S003,2022-06,P0057,141086.07379016877,3.36,2917,48.37,144.57,35.67,A
S003,2022-06,P0159,139558.9404520035,3.33,2697,51.75,139.27,38.99,A
S003,2022-06,P0126,138243.74979448318,3.3,2700,51.2,140.80,42.29,A
S003,2022-06,P0066,137901.79065923693,3.29,2670,51.65,137.33,45.57,A
S003,2022-06,P0017,137678.70374851226,3.28,2590,53.16,135.67,48.86,A
S003,2022-06,P0046,137037.85522785186,3.27,2787,49.17,141.33,52.12,A
S003,2022-06,P0129,133827.64518699647,3.19,2737,48.9,139.67,55.31,A
S003,2022-06,P0079,133355.56855931281,3.18,3016,44.22,144.00,58.49,A
S003,2022-06,P0085,132985.54100618366,3.17,2524,52.69,129.23,61.66,A
S003,2022-06,P0175,132871.82661023142,3.17,2538,52.35,133.20,64.83,A
S003,2022-06,P0061,131849.14696121213,3.14,2747,48,142.77,67.97,A
S003,2022-06,P0068,131683.1757947922,3.14,2473,53.25,124.13,71.11,A
S003,2022-06,P0133,130891.36271142961,3.12,2670,49.02,141.53,74.23,A
S003,2022-06,P0096,129765.13331804275,3.09,2516,51.58,143.20,77.32,A
S003,2022-06,P0016,129049.12398667335,3.08,2901,44.48,150.20,80.4,B
S003,2022-06,P0171,128291.53575115203,3.06,2733,46.94,141.27,83.46,B
S003,2022-06,P0153,124546.06939592361,2.97,2673,46.59,143.20,86.42,B
S003,2022-06,P0149,120063.31600780485,2.86,2839,42.29,148.77,89.29,B
S003,2022-06,P0070,115278.84151735305,2.75,2385,48.33,127.73,92.03,B
S003,2022-06,P0183,114359.01937971116,2.73,2221,51.49,120.67,94.76,B
S003,2022-06,P0083,112842.23860807417,2.69,2762,40.86,134.13,97.45,C
S003,2022-06,P0116,107024.89020137789,2.55,2693,39.74,136.70,100,C
S003,2022-07,P0094,201495.4116677284,4.62,3710,54.31,166.52,4.62,A
S003,2022-07,P0067,179463.59411926268,4.11,3187,56.31,151.45,8.73,A
S003,2022-07,P0166,176739.34178438183,4.05,3668,48.18,174.94,12.78,A
S003,2022-07,P0178,166752.87198772433,3.82,3028,55.07,144.61,16.6,A
S003,2022-07,P0016,166554.71750850682,3.82,2852,58.4,132.45,20.42,A
S003,2022-07,P0066,162249.66083564758,3.72,2798,57.99,141.55,24.13,A
S003,2022-07,P0083,160400.53415942195,3.68,2993,53.59,146.90,27.81,A
S003,2022-07,P0070,160287.0961560726,3.67,2846,56.32,134.90,31.48,A
S003,2022-07,P0046,156528.42405471805,3.59,2794,56.02,138.55,35.07,A
S003,2022-07,P0187,151189.19391565322,3.46,2793,54.13,136.61,38.53,A
S003,2022-07,P0116,149955.6431411743,3.44,3092,48.5,159.35,41.97,A
S003,2022-07,P0153,147324.49265732768,3.38,2869,51.35,142.55,45.34,A
S003,2022-07,P0096,144860.9586265564,3.32,2933,49.39,130.97,48.66,A
S003,2022-07,P0133,144633.72966270446,3.31,2773,52.16,128.97,51.98,A
S003,2022-07,P0159,143405.00807876588,3.29,2644,54.24,134.13,55.26,A
S003,2022-07,P0129,142891.12966995235,3.27,2856,50.03,140.16,58.54,A
S003,2022-07,P0079,142823.12122306824,3.27,2931,48.73,137.29,61.81,A
S003,2022-07,P0149,142303.4039284706,3.26,2888,49.27,144.45,65.07,A
S003,2022-07,P0126,141869.12288799285,3.25,2828,50.17,124.90,68.32,A
S003,2022-07,P0017,135899.27765626909,3.11,2917,46.59,135.90,71.43,A
S003,2022-07,P0057,134512.40544252394,3.08,2887,46.59,129.74,74.52,A
S003,2022-07,P0069,134219.94193458557,3.08,2732,49.13,129.81,77.59,A
S003,2022-07,P0061,133937.31178798675,3.07,2643,50.68,142.35,80.66,B
S003,2022-07,P0125,131272.41938772204,3.01,2932,44.77,144.39,83.67,B
S003,2022-07,P0031,127509.27849655153,2.92,2989,42.66,139.26,86.59,B
S003,2022-07,P0085,121193.63694753648,2.78,2612,46.4,124.84,89.37,B
S003,2022-07,P0175,121178.82044258119,2.78,2368,51.17,119.00,92.14,B
S003,2022-07,P0068,121021.0343949318,2.77,2407,50.28,128.74,94.92,B
S003,2022-07,P0183,118442.61863861086,2.71,2407,49.21,125.74,97.63,C
S003,2022-07,P0171,103420.88380136488,2.37,2548,40.59,126.68,100,C
S003,2022-08,P0017,174109.07967739107,4,3044,57.2,140.39,4,A
S003,2022-08,P0171,173350.17758836746,3.98,2932,59.12,137.26,7.98,A
S003,2022-08,P0094,162368.73408479692,3.73,2833,57.31,149.52,11.71,A
S003,2022-08,P0079,161417.35806293486,3.71,3015,53.54,137.65,15.41,A
S003,2022-08,P0159,158823.77308063503,3.65,2900,54.77,140.00,19.06,A
S003,2022-08,P0133,158626.3547451973,3.64,3015,52.61,137.45,22.7,A
S003,2022-08,P0187,156795.2597513199,3.6,2796,56.08,141.58,26.3,A
S003,2022-08,P0096,155059.81443662642,3.56,2849,54.43,141.55,29.86,A
S003,2022-08,P0083,153085.2441039085,3.52,2769,55.29,145.90,33.38,A
S003,2022-08,P0178,150599.2128688812,3.46,2997,50.25,138.42,36.84,A
S003,2022-08,P0085,149946.387257576,3.44,2596,57.76,138.94,40.28,A
S003,2022-08,P0126,148976.70648984905,3.42,2670,55.8,133.03,43.7,A
S003,2022-08,P0057,147574.39617910387,3.39,3098,47.64,155.32,47.09,A
S003,2022-08,P0125,147477.9186684132,3.39,2850,51.75,139.97,50.48,A
S003,2022-08,P0068,144951.51289329526,3.33,2656,54.58,137.52,53.81,A
S003,2022-08,P0153,144144.524170208,3.31,2661,54.17,137.77,57.12,A
S003,2022-08,P0069,144077.745707798,3.31,2975,48.43,152.97,60.43,A
S003,2022-08,P0166,141789.4679018021,3.26,2692,52.67,135.00,63.68,A
S003,2022-08,P0067,139808.7014840126,3.21,2587,54.04,129.65,66.89,A
S003,2022-08,P0129,137494.69017362595,3.16,2693,51.06,125.48,70.05,A
S003,2022-08,P0061,136829.31650009155,3.14,2603,52.57,133.65,73.19,A
S003,2022-08,P0183,135649.62618846892,3.11,2524,53.74,140.58,76.31,A
S003,2022-08,P0116,135614.51499729155,3.11,2719,49.88,144.61,79.42,A
S003,2022-08,P0149,134078.25880126952,3.08,2744,48.86,136.45,82.5,B
S003,2022-08,P0046,133093.90169291495,3.06,2633,50.55,131.32,85.56,B
S003,2022-08,P0175,131906.60529699328,3.03,2406,54.82,129.74,88.58,B
S003,2022-08,P0016,128629.91221914292,2.95,2599,49.49,131.74,91.54,B
S003,2022-08,P0070,123712.39471654894,2.84,2556,48.4,136.87,94.38,B
S003,2022-08,P0031,123437.55884208679,2.83,2249,54.89,117.71,97.21,C
S003,2022-08,P0066,121349.8209257126,2.79,3048,39.81,146.19,100,C
S003,2022-09,P0046,188085.4097529411,4.4,3246,57.94,160.13,4.4,A
S003,2022-09,P0017,185604.59421787257,4.34,3189,58.2,152.13,8.74,A
S003,2022-09,P0066,170735.86144342422,3.99,2965,57.58,146.77,12.74,A
S003,2022-09,P0085,163522.52383527756,3.83,2930,55.81,149.30,16.56,A
S003,2022-09,P0178,158868.29470310212,3.72,2641,60.15,141.27,20.28,A
S003,2022-09,P0069,156659.11852493286,3.67,3015,51.96,148.30,23.94,A
S003,2022-09,P0149,154170.5645227432,3.61,2996,51.46,143.70,27.55,A
S003,2022-09,P0067,151414.77488479615,3.54,2951,51.31,158.47,31.09,A
S003,2022-09,P0153,148768.84143218995,3.48,2884,51.58,137.47,34.57,A
S003,2022-09,P0096,147490.10957098007,3.45,2891,51.02,142.47,38.02,A
S003,2022-09,P0175,145372.86281261442,3.4,2426,59.92,126.23,41.43,A
S003,2022-09,P0171,143624.03659496308,3.36,2812,51.08,153.20,44.79,A
S003,2022-09,P0070,141586.86676673888,3.31,2588,54.71,134.13,48.1,A
S003,2022-09,P0068,141059.75158452985,3.3,2419,58.31,124.67,51.4,A
S003,2022-09,P0079,140690.18510723114,3.29,2737,51.4,131.63,54.69,A
S003,2022-09,P0166,140519.87999801635,3.29,2856,49.2,155.13,57.98,A
S003,2022-09,P0159,140051.03219423292,3.28,2535,55.25,127.93,61.25,A
S003,2022-09,P0057,139800.53436627387,3.27,2877,48.59,136.13,64.52,A
S003,2022-09,P0129,136723.81460084915,3.2,2704,50.56,132.03,67.72,A
S003,2022-09,P0133,133693.436104393,3.13,2621,51.01,145.97,70.85,A
S003,2022-09,P0116,132858.3733865738,3.11,2440,54.45,136.67,73.96,A
S003,2022-09,P0061,132501.12718782423,3.1,2604,50.88,136.50,77.06,A
S003,2022-09,P0016,129857.18320302964,3.04,2754,47.15,135.47,80.1,B
S003,2022-09,P0125,129547.22447891234,3.03,2658,48.74,143.47,83.13,B
S003,2022-09,P0187,125604.92598533632,2.94,2680,46.87,127.90,86.07,B
S003,2022-09,P0083,124680.09476046564,2.92,2860,43.59,146.67,88.98,B
S003,2022-09,P0094,122386.60202322005,2.86,2421,50.55,127.00,91.85,B
S003,2022-09,P0183,119495.73615131379,2.8,2420,49.38,128.77,94.64,B
S003,2022-09,P0031,117656.0786697388,2.75,2510,46.87,127.50,97.39,C
S003,2022-09,P0126,111387.18432140349,2.61,2598,42.87,129.17,100,C
S003,2022-10,P0149,172337.19234375953,4.04,2831,60.88,142.03,4.04,A
S003,2022-10,P0183,172073.85556116104,4.03,2978,57.78,142.55,8.06,A
S003,2022-10,P0083,171845.63353090285,4.02,3072,55.94,146.13,12.09,A
S003,2022-10,P0094,167808.18410549167,3.93,3063,54.79,143.13,16.02,A
S003,2022-10,P0133,164386.50181627276,3.85,3055,53.81,149.48,19.87,A
S003,2022-10,P0017,164304.45429592137,3.85,2889,56.87,149.26,23.71,A
S003,2022-10,P0057,160327.29849715234,3.75,2821,56.83,145.52,27.47,A
S003,2022-10,P0129,156597.53223600387,3.67,2942,53.23,148.00,31.13,A
S003,2022-10,P0079,154074.8676586151,3.61,2725,56.54,128.29,34.74,A
S003,2022-10,P0116,152313.68732614518,3.57,3032,50.24,150.61,38.31,A
S003,2022-10,P0178,151541.07654228213,3.55,2807,53.99,123.97,41.86,A
S003,2022-10,P0125,149704.40941982268,3.51,2925,51.18,149.74,45.36,A
S003,2022-10,P0085,147309.13059377673,3.45,2826,52.13,135.29,48.81,A
S003,2022-10,P0069,145430.439894104,3.41,3022,48.12,145.94,52.21,A
S003,2022-10,P0187,141051.8937805176,3.3,2842,49.63,149.58,55.52,A
S003,2022-10,P0067,141050.8025111675,3.3,2894,48.74,138.61,58.82,A
S003,2022-10,P0066,137991.88591098785,3.23,2723,50.68,130.52,62.05,A
S003,2022-10,P0016,136466.90849781036,3.2,2892,47.19,144.10,65.25,A
S003,2022-10,P0171,130913.89761552811,3.07,2912,44.96,145.74,68.31,A
S003,2022-10,P0159,129916.71299710273,3.04,2868,45.3,146.87,71.35,A
S003,2022-10,P0096,129289.66243586541,3.03,2804,46.11,129.45,74.38,A
S003,2022-10,P0031,125825.79954748154,2.95,2735,46.01,140.35,77.33,A
S003,2022-10,P0153,124450.85934486391,2.91,2724,45.69,137.84,80.24,B
S003,2022-10,P0175,123293.46329808235,2.89,2649,46.54,143.19,83.13,B
S003,2022-10,P0061,122109.53528537748,2.86,3071,39.76,160.16,85.99,B
S003,2022-10,P0046,122051.36560020444,2.86,2728,44.74,139.65,88.84,B
S003,2022-10,P0068,121140.81100158692,2.84,2216,54.67,123.35,91.68,B
S003,2022-10,P0126,119905.45425186156,2.81,2749,43.62,146.90,94.49,B
S003,2022-10,P0070,119606.42401199343,2.8,2480,48.23,132.29,97.29,C
S003,2022-10,P0166,115815.96224632263,2.71,2612,44.34,131.61,100,C
S003,2022-11,P0066,238662.54814758297,4.85,4341,54.98,205.80,4.85,A
S003,2022-11,P0046,219767.1148352623,4.46,3915,56.13,180.57,9.31,A
S003,2022-11,P0069,208351.8172355652,4.23,4167,50,181.10,13.54,A
S003,2022-11,P0187,207366.41969089513,4.21,3964,52.31,181.50,17.75,A
S003,2022-11,P0061,202515.37514019012,4.11,3843,52.7,182.63,21.87,A
S003,2022-11,P0125,201815.40491619107,4.1,3939,51.24,188.67,25.97,A
S003,2022-11,P0016,201604.26823272707,4.09,3537,57,166.57,30.06,A
S003,2022-11,P0178,199985.86768894194,4.06,3708,53.93,171.10,34.12,A
S003,2022-11,P0126,193866.95312643054,3.94,3824,50.7,184.53,38.06,A
S003,2022-11,P0057,187163.1918398857,3.8,3605,51.92,171.53,41.86,A
S003,2022-11,P0133,174675.75210046765,3.55,3874,45.09,182.57,45.41,A
S003,2022-11,P0153,166057.22372236254,3.37,2963,56.04,149.03,48.78,A
S003,2022-11,P0116,166049.0342796326,3.37,2879,57.68,142.27,52.15,A
S003,2022-11,P0149,157943.8080851078,3.21,2812,56.17,134.63,55.36,A
S003,2022-11,P0067,157785.28488092424,3.2,2928,53.89,146.13,58.57,A
S003,2022-11,P0085,148203.82084960936,3.01,2560,57.89,129.13,61.58,A
S003,2022-11,P0079,147922.0765645504,3,2974,49.74,144.03,64.58,A
S003,2022-11,P0068,144762.77284097672,2.94,2768,52.3,143.23,67.52,A
S003,2022-11,P0096,144205.48618950846,2.93,2703,53.35,139.57,70.45,A
S003,2022-11,P0183,144116.95868697163,2.93,2639,54.61,133.47,73.38,A
S003,2022-11,P0171,141164.03859319683,2.87,2724,51.82,138.93,76.25,A
S003,2022-11,P0070,137089.5263596535,2.78,2534,54.1,138.23,79.03,A
S003,2022-11,P0083,136976.95938906673,2.78,2870,47.73,140.47,81.81,B
S003,2022-11,P0094,135074.7994327545,2.74,2760,48.94,134.17,84.56,B
S003,2022-11,P0031,133865.3770648956,2.72,2528,52.95,143.10,87.27,B
S003,2022-11,P0159,133781.57230234143,2.72,2719,49.2,132.60,89.99,B
S003,2022-11,P0017,130235.6476176262,2.65,2751,47.34,140.83,92.64,B
S003,2022-11,P0175,127445.14310359956,2.59,2486,51.27,132.90,95.22,C
S003,2022-11,P0166,124870.47272377014,2.54,2473,50.49,127.40,97.76,C
S003,2022-11,P0129,110240.01476330758,2.24,2561,43.05,140.57,100,C
S003,2022-12,P0066,241047.55249986652,4.76,4260,56.58,181.48,4.76,A
S003,2022-12,P0016,213240.06823048592,4.21,4293,49.67,205.19,8.97,A
S003,2022-12,P0133,209301.35982189176,4.13,3573,58.58,170.06,13.1,A
S003,2022-12,P0061,206045.355312252,4.07,3888,53,168.52,17.17,A
S003,2022-12,P0187,203548.1519338608,4.02,3792,53.68,169.68,21.19,A
S003,2022-12,P0057,197407.8324464798,3.9,3760,52.5,171.39,25.09,A
S003,2022-12,P0125,190933.66560840607,3.77,3912,48.81,176.19,28.86,A
S003,2022-12,P0126,188387.494292593,3.72,4073,46.25,183.26,32.58,A
S003,2022-12,P0069,187266.88903717994,3.7,4179,44.81,185.68,36.28,A
S003,2022-12,P0079,184232.2818178177,3.64,3132,58.82,144.71,39.92,A
S003,2022-12,P0046,181526.2437534809,3.58,3840,47.27,162.26,43.5,A
S003,2022-12,P0153,179270.17732968333,3.54,3203,55.97,149.94,47.04,A
S003,2022-12,P0094,166630.92365732195,3.29,3092,53.89,151.94,50.33,A
S003,2022-12,P0096,165272.75753631588,3.26,3011,54.89,138.06,53.6,A
S003,2022-12,P0159,162097.32469120025,3.2,2742,59.12,129.26,56.8,A
S003,2022-12,P0178,159634.4523790836,3.15,3853,41.43,174.03,59.95,A
S003,2022-12,P0116,159171.71877613067,3.14,2897,54.94,134.13,63.1,A
S003,2022-12,P0175,157204.31714830402,3.1,2798,56.18,145.42,66.2,A
S003,2022-12,P0083,155893.71576099395,3.08,2610,59.73,141.61,69.28,A
S003,2022-12,P0068,154373.39971084596,3.05,2910,53.05,148.65,72.33,A
S003,2022-12,P0070,149720.46191387178,2.96,2743,54.58,148.03,75.28,A
S003,2022-12,P0017,149141.09458179478,2.95,3186,46.81,151.97,78.23,A
S003,2022-12,P0183,149117.36195526124,2.94,2631,56.68,135.23,81.17,B
S003,2022-12,P0149,145521.4646560669,2.87,2920,49.84,135.03,84.05,B
S003,2022-12,P0129,144326.59660577774,2.85,2754,52.41,134.48,86.9,B
S003,2022-12,P0166,143565.29881095886,2.84,2927,49.05,141.10,89.73,B
S003,2022-12,P0171,136261.27732629777,2.69,2757,49.42,139.32,92.42,B
S003,2022-12,P0031,133488.80009908674,2.64,2690,49.62,127.77,95.06,C
S003,2022-12,P0085,125373.90879230498,2.48,2548,49.2,128.03,97.54,C
S003,2022-12,P0067,124796.84040756228,2.46,2644,47.2,131.32,100,C
S003,2023-01,P0057,248004.18171482085,4.96,4256,58.27,180.00,4.96,A
S003,2023-01,P0133,239473.2917718411,4.79,4459,53.71,189.77,9.74,A
S003,2023-01,P0046,226653.02676353452,4.53,4239,53.47,188.84,14.27,A
S003,2023-01,P0125,216746.76480131148,4.33,4039,53.66,180.00,18.6,A
S003,2023-01,P0061,208781.41460685732,4.17,4043,51.64,169.81,22.78,A
S003,2023-01,P0016,208054.18516988753,4.16,4088,50.89,185.45,26.94,A
S003,2023-01,P0066,198257.59898376465,3.96,3883,51.06,174.71,30.9,A
S003,2023-01,P0187,195678.11692080495,3.91,4230,46.26,190.03,34.81,A
S003,2023-01,P0149,194045.94298191072,3.88,3081,62.98,148.42,38.69,A
S003,2023-01,P0126,184380.3586092949,3.69,4277,43.11,170.13,42.37,A
S003,2023-01,P0178,177677.91182756424,3.55,3804,46.71,172.03,45.92,A
S003,2023-01,P0166,170747.79535217286,3.41,3167,53.91,146.03,49.34,A
S003,2023-01,P0069,168841.66232461928,3.37,3615,46.71,164.26,52.71,A
S003,2023-01,P0116,167612.99582500456,3.35,2788,60.12,137.71,56.06,A
S003,2023-01,P0070,164466.90097045898,3.29,2603,63.18,131.97,59.35,A
S003,2023-01,P0129,164050.45877742767,3.28,2938,55.84,131.35,62.63,A
S003,2023-01,P0067,154561.27342128754,3.09,2713,56.97,137.81,65.71,A
S003,2023-01,P0017,154464.24226312642,3.09,2839,54.41,152.26,68.8,A
S003,2023-01,P0183,150785.42490777967,3.01,2617,57.62,140.61,71.82,A
S003,2023-01,P0153,134265.14155063627,2.68,2609,51.46,135.16,74.5,A
S003,2023-01,P0079,133453.0339797974,2.67,2502,53.34,121.26,77.17,A
S003,2023-01,P0175,133230.65002388955,2.66,2932,45.44,143.52,79.83,A
S003,2023-01,P0083,131833.0062532425,2.63,3107,42.43,151.26,82.46,B
S003,2023-01,P0085,131382.0481454849,2.63,2295,57.25,116.45,85.09,B
S003,2023-01,P0068,129619.96723003386,2.59,2599,49.87,134.58,87.68,B
S003,2023-01,P0159,127636.09654712674,2.55,2592,49.24,124.45,90.23,B
S003,2023-01,P0094,124266.39544353486,2.48,3052,40.72,149.52,92.71,B
S003,2023-01,P0096,123695.08622684478,2.47,2627,47.09,129.94,95.19,C
S003,2023-01,P0031,121067.7312804222,2.42,2433,49.76,122.26,97.61,C
S003,2023-01,P0171,119787.9647543907,2.39,2750,43.56,134.13,100,C
S003,2023-02,P0133,216595.39623117447,4.82,3821,56.69,191.21,4.82,A
S003,2023-02,P0046,216229.24543619153,4.81,4042,53.5,194.39,9.63,A
S003,2023-02,P0125,212399.54063673015,4.73,4132,51.4,193.43,14.36,A
S003,2023-02,P0066,208300.83063540456,4.63,3722,55.96,187.50,18.99,A
S003,2023-02,P0061,187015.60559930804,4.16,3669,50.97,181.86,23.15,A
S003,2023-02,P0126,179096.6545358658,3.98,3322,53.91,158.82,27.13,A
S003,2023-02,P0187,178422.26453208923,3.97,3738,47.73,181.00,31.1,A
S003,2023-02,P0178,177709.0117078781,3.95,3790,46.89,186.11,35.06,A
S003,2023-02,P0057,168921.46747856142,3.76,3382,49.95,175.79,38.82,A
S003,2023-02,P0183,167143.92731666565,3.72,2711,61.65,144.14,42.53,A
S003,2023-02,P0016,165867.4653601646,3.69,3949,42,197.18,46.23,A
S003,2023-02,P0069,161635.740585041,3.6,3746,43.15,182.43,49.82,A
S003,2023-02,P0166,156336.4716662407,3.48,2797,55.89,146.75,53.3,A
S003,2023-02,P0079,147925.47173137666,3.29,2825,52.36,143.64,56.59,A
S003,2023-02,P0175,139448.04136047364,3.1,2720,51.27,148.71,59.69,A
S003,2023-02,P0153,137780.83749809265,3.07,2653,51.93,139.79,62.76,A
S003,2023-02,P0017,136740.7668422699,3.04,2767,49.42,139.46,65.8,A
S003,2023-02,P0096,135822.7494664192,3.02,2730,49.75,145.71,68.82,A
S003,2023-02,P0171,131959.84820098875,2.94,2539,51.97,142.57,71.76,A
S003,2023-02,P0085,130059.35463266373,2.89,2616,49.72,147.86,74.65,A
S003,2023-02,P0129,129519.07510261534,2.88,2730,47.44,144.39,77.53,A
S003,2023-02,P0068,127854.80033082963,2.84,2573,49.69,137.32,80.38,B
S003,2023-02,P0159,125538.01916036606,2.79,2525,49.72,146.29,83.17,B
S003,2023-02,P0149,125168.7862956047,2.78,2787,44.91,158.07,85.96,B
S003,2023-02,P0067,125135.02155532838,2.78,2492,50.21,140.82,88.74,B
S003,2023-02,P0031,124603.19458088874,2.77,2590,48.11,143.79,91.51,B
S003,2023-02,P0070,108581.42993488311,2.42,2389,45.45,142.07,93.93,B
S003,2023-02,P0094,97139.801516819,2.16,2252,43.13,128.54,96.09,C
S003,2023-02,P0083,91592.73700270653,2.04,2252,40.67,128.89,98.13,C
S003,2023-02,P0116,84203.30555019379,1.87,2356,35.74,141.14,100,C
S003,2023-03,P0125,185724.51106967928,4.19,3195,58.13,161.13,4.19,A
S003,2023-03,P0171,178310.37894964218,4.02,2798,63.73,144.68,8.22,A
S003,2023-03,P0187,167793.59782619477,3.79,3027,55.43,145.74,12,A
S003,2023-03,P0067,167660.1647553444,3.78,2786,60.18,140.90,15.79,A
S003,2023-03,P0178,166082.5567548752,3.75,3171,52.38,153.16,19.54,A
S003,2023-03,P0166,165977.86377253538,3.75,3005,55.23,148.58,23.28,A
S003,2023-03,P0096,165576.8646129131,3.74,2909,56.92,133.74,27.02,A
S003,2023-03,P0057,162316.58517756462,3.66,2928,55.44,135.55,30.68,A
S003,2023-03,P0083,159716.72718925477,3.61,2762,57.83,140.32,34.29,A
S003,2023-03,P0133,158083.17299261093,3.57,3155,50.11,154.32,37.86,A
S003,2023-03,P0046,152835.39337158203,3.45,2883,53.01,140.03,41.31,A
S003,2023-03,P0016,150046.16482629775,3.39,3076,48.78,153.61,44.69,A
S003,2023-03,P0126,149934.8161679268,3.38,3239,46.29,159.10,48.08,A
S003,2023-03,P0175,147747.23794059752,3.33,2680,55.13,144.16,51.41,A
S003,2023-03,P0031,147573.2757843971,3.33,2615,56.43,119.61,54.74,A
S003,2023-03,P0085,146619.38650894165,3.31,2896,50.63,149.32,58.05,A
S003,2023-03,P0066,146324.60066156386,3.3,3038,48.16,145.26,61.36,A
S003,2023-03,P0094,144463.5159239769,3.26,2888,50.02,131.39,64.62,A
S003,2023-03,P0079,140954.48168187143,3.18,2848,49.49,142.06,67.8,A
S003,2023-03,P0116,140306.6642801285,3.17,2880,48.72,135.35,70.97,A
S003,2023-03,P0149,139727.11683902738,3.15,3015,46.34,150.81,74.12,A
S003,2023-03,P0183,135921.30021762848,3.07,2891,47.02,142.32,77.19,A
S003,2023-03,P0153,135809.7701864243,3.07,2779,48.87,139.74,80.25,B
S003,2023-03,P0069,134907.46305770872,3.05,2968,45.45,154.00,83.3,B
S003,2023-03,P0070,131215.48731870652,2.96,2800,46.86,126.00,86.26,B
S003,2023-03,P0129,126138.9349609375,2.85,2716,46.44,130.71,89.11,B
S003,2023-03,P0017,126131.03970127105,2.85,3143,40.13,141.48,91.95,B
S003,2023-03,P0061,125040.05710611343,2.82,2556,48.92,130.29,94.78,B
S003,2023-03,P0068,119656.39729003907,2.7,2480,48.25,123.55,97.48,C
S003,2023-03,P0159,111735.43891124724,2.52,2707,41.28,133.55,100,C
S003,2023-04,P0171,165113.08601989746,3.92,2914,56.66,150.23,3.92,A
S003,2023-04,P0066,164737.83129978177,3.91,3073,53.61,153.50,7.82,A
S003,2023-04,P0085,163395.55875396726,3.88,3070,53.22,156.77,11.7,A
S003,2023-04,P0083,157181.0797323227,3.73,2928,53.68,135.57,15.43,A
S003,2023-04,P0094,153521.87770233155,3.64,2764,55.54,137.13,19.07,A
S003,2023-04,P0126,151864.8482369423,3.6,2763,54.96,143.47,22.67,A
S003,2023-04,P0017,151828.09097766876,3.6,2688,56.48,140.10,26.28,A
S003,2023-04,P0149,150514.31949806213,3.57,2815,53.47,144.40,29.85,A
S003,2023-04,P0016,147252.8562129974,3.49,2818,52.25,144.17,33.34,A
S003,2023-04,P0096,146842.87856788636,3.48,2844,51.63,144.00,36.82,A
S003,2023-04,P0070,146001.47856388093,3.46,2660,54.89,146.27,40.29,A
S003,2023-04,P0133,145652.33973689075,3.46,2933,49.66,147.93,43.74,A
S003,2023-04,P0046,145517.52347240451,3.45,3121,46.63,144.40,47.19,A
S003,2023-04,P0116,144962.63166522983,3.44,3114,46.55,147.57,50.63,A
S003,2023-04,P0187,142183.74015645983,3.37,2863,49.66,136.37,54,A
S003,2023-04,P0166,141535.72965488434,3.36,2965,47.74,144.93,57.36,A
S003,2023-04,P0069,140145.84088468552,3.32,2878,48.7,138.67,60.69,A
S003,2023-04,P0067,138702.72462649347,3.29,2938,47.21,144.27,63.98,A
S003,2023-04,P0183,138049.21599636078,3.27,2837,48.66,135.87,67.25,A
S003,2023-04,P0178,137761.07711772918,3.27,2822,48.82,138.57,70.52,A
S003,2023-04,P0153,136858.49848861696,3.25,2835,48.27,142.83,73.77,A
S003,2023-04,P0068,134045.02310647967,3.18,2721,49.26,139.80,76.95,A
S003,2023-04,P0079,133393.28580107688,3.16,3016,44.23,146.10,80.11,B
S003,2023-04,P0159,129719.5794405937,3.08,2571,50.45,132.53,83.19,B
S003,2023-04,P0061,129644.74716014863,3.08,2597,49.92,123.67,86.26,B
S003,2023-04,P0125,125952.23438596727,2.99,2557,49.26,132.40,89.25,B
S003,2023-04,P0031,121568.00917167663,2.88,2558,47.52,140.23,92.14,B
S003,2023-04,P0129,119515.57166223523,2.84,3280,36.44,158.87,94.97,B
S003,2023-04,P0175,109633.76731553079,2.6,2498,43.89,138.57,97.57,C
S003,2023-04,P0057,102386.0638215065,2.43,2431,42.12,124.40,100,C
S003,2023-05,P0094,177616.08320827485,3.94,3713,47.84,169.06,3.94,A
S003,2023-05,P0129,175840.0584558487,3.9,3093,56.85,144.00,7.84,A
S003,2023-05,P0171,173827.35349063872,3.86,3105,55.98,152.19,11.7,A
S003,2023-05,P0096,171456.65869026183,3.8,3051,56.2,148.77,15.5,A
S003,2023-05,P0046,167922.63800640107,3.73,2884,58.23,145.68,19.23,A
S003,2023-05,P0159,161385.84668149948,3.58,2651,60.88,137.52,22.81,A
S003,2023-05,P0017,159426.8384885788,3.54,2960,53.86,147.77,26.35,A
S003,2023-05,P0175,158179.08347492217,3.51,2797,56.55,137.81,29.86,A
S003,2023-05,P0187,157406.02436423302,3.49,2973,52.95,142.97,33.35,A
S003,2023-05,P0085,156602.3356854439,3.47,2742,57.11,131.58,36.82,A
S003,2023-05,P0057,156426.04603557588,3.47,3043,51.41,137.13,40.29,A
S003,2023-05,P0069,155494.80927743917,3.45,3064,50.75,144.65,43.74,A
S003,2023-05,P0133,155468.54820690156,3.45,2979,52.19,142.03,47.19,A
S003,2023-05,P0116,154817.07499580385,3.43,3078,50.3,152.74,50.63,A
S003,2023-05,P0125,151902.94122238157,3.37,2764,54.96,135.65,54,A
S003,2023-05,P0061,149501.39842290877,3.32,2934,50.95,146.19,57.32,A
S003,2023-05,P0166,149169.9597807884,3.31,3571,41.77,157.58,60.63,A
S003,2023-05,P0149,146740.7682510376,3.26,2739,53.57,128.35,63.88,A
S003,2023-05,P0153,146322.4132238388,3.25,3041,48.12,141.13,67.13,A
S003,2023-05,P0016,145957.5870499611,3.24,2885,50.59,139.39,70.37,A
S003,2023-05,P0083,144487.72569894788,3.21,2651,54.5,134.03,73.57,A
S003,2023-05,P0070,140179.02369747162,3.11,2735,51.25,136.13,76.68,A
S003,2023-05,P0126,139710.70663566588,3.1,2833,49.32,147.52,79.78,A
S003,2023-05,P0178,139585.93891458513,3.1,3101,45.01,152.97,82.88,B
S003,2023-05,P0079,136827.953487587,3.04,2939,46.56,138.81,85.91,B
S003,2023-05,P0067,134251.32357797623,2.98,2878,46.65,140.10,88.89,B
S003,2023-05,P0066,129632.19912519459,2.88,2700,48.01,140.58,91.77,B
S003,2023-05,P0183,128356.44053544995,2.85,2694,47.65,132.23,94.62,B
S003,2023-05,P0068,121703.14219002724,2.7,2924,41.62,142.03,97.32,C
S003,2023-05,P0031,120902.92861099244,2.68,2663,45.4,127.29,100,C
S003,2023-06,P0094,201035.43076887133,4.55,3605,55.77,176.53,4.55,A
S003,2023-06,P0166,193352.2145303249,4.38,3755,51.49,176.67,8.93,A
S003,2023-06,P0126,175216.3618614197,3.97,3115,56.25,153.60,12.9,A
S003,2023-06,P0083,169919.90176334383,3.85,2902,58.55,145.07,16.75,A
S003,2023-06,P0129,169119.07772712706,3.83,2891,58.5,149.80,20.58,A
S003,2023-06,P0187,168219.30632591248,3.81,3254,51.7,166.17,24.38,A
S003,2023-06,P0085,163153.69198360445,3.69,2878,56.69,145.73,28.08,A
S003,2023-06,P0125,160330.60045871735,3.63,2954,54.28,146.47,31.71,A
S003,2023-06,P0066,159414.28632545474,3.61,3028,52.65,162.63,35.32,A
S003,2023-06,P0031,155540.14077224734,3.52,2969,52.39,144.77,38.84,A
S003,2023-06,P0067,152680.6839993477,3.46,2820,54.14,140.10,42.3,A
S003,2023-06,P0046,151820.1915102005,3.44,2957,51.34,141.60,45.74,A
S003,2023-06,P0178,151227.90511541365,3.42,2883,52.46,150.10,49.16,A
S003,2023-06,P0057,145540.02252883915,3.3,2581,56.39,127.07,52.46,A
S003,2023-06,P0061,141947.97176218033,3.21,2719,52.21,137.20,55.67,A
S003,2023-06,P0133,141205.30818729402,3.2,2831,49.88,148.50,58.87,A
S003,2023-06,P0175,140596.1298784256,3.18,2551,55.11,141.23,62.05,A
S003,2023-06,P0149,137203.0130393982,3.11,2548,53.85,126.27,65.16,A
S003,2023-06,P0016,136798.59291648865,3.1,2650,51.62,138.70,68.26,A
S003,2023-06,P0079,134538.08835315704,3.05,2583,52.09,139.43,71.3,A
S003,2023-06,P0070,133370.76794433594,3.02,2486,53.65,133.43,74.32,A
S003,2023-06,P0171,132483.13076610563,3,2671,49.6,140.83,77.32,A
S003,2023-06,P0116,129906.95040683747,2.94,2736,47.48,143.87,80.27,B
S003,2023-06,P0183,129165.65872344971,2.92,2760,46.8,135.10,83.19,B
S003,2023-06,P0068,127250.47191362381,2.88,2678,47.52,143.77,86.07,B
S003,2023-06,P0069,126082.83039073943,2.86,2766,45.58,137.40,88.93,B
S003,2023-06,P0017,125461.99188566208,2.84,2755,45.54,131.23,91.77,B
S003,2023-06,P0159,124207.34063568115,2.81,2711,45.82,128.20,94.58,B
S003,2023-06,P0096,120575.11520586016,2.73,2483,48.56,125.03,97.31,C
S003,2023-06,P0153,118758.10388565065,2.69,2605,45.59,133.10,100,C
S003,2023-07,P0094,208962.45491924285,4.74,3894,53.66,172.35,4.74,A
S003,2023-07,P0166,205562.06348781582,4.67,3873,53.08,169.10,9.41,A
S003,2023-07,P0126,171472.19031610488,3.89,3153,54.38,138.90,13.3,A
S003,2023-07,P0068,164619.57200784684,3.74,3028,54.37,141.55,17.04,A
S003,2023-07,P0017,164600.52868056297,3.74,3322,49.55,154.03,20.78,A
S003,2023-07,P0096,160986.7027059078,3.65,3229,49.86,161.39,24.43,A
S003,2023-07,P0183,157656.6775186062,3.58,3232,48.78,154.48,28.01,A
S003,2023-07,P0178,153506.32343349454,3.48,2922,52.53,148.94,31.5,A
S003,2023-07,P0125,151161.79135513303,3.43,2550,59.28,136.84,34.93,A
S003,2023-07,P0083,147724.38655233383,3.35,2999,49.26,138.81,38.28,A
S003,2023-07,P0031,147380.12895965576,3.35,2687,54.85,136.10,41.63,A
S003,2023-07,P0070,147272.8652785301,3.34,2863,51.44,138.16,44.97,A
S003,2023-07,P0159,146064.465911293,3.32,2468,59.18,128.52,48.29,A
S003,2023-07,P0069,145982.88547334675,3.31,3283,44.47,149.81,51.6,A
S003,2023-07,P0187,144637.3344426155,3.28,2869,50.41,154.42,54.88,A
S003,2023-07,P0149,144037.76138238906,3.27,2965,48.58,154.71,58.15,A
S003,2023-07,P0079,142872.90194959645,3.24,2732,52.3,149.97,61.4,A
S003,2023-07,P0016,139739.43115010264,3.17,2837,49.26,141.39,64.57,A
S003,2023-07,P0116,139444.87491531376,3.17,2671,52.21,142.06,67.73,A
S003,2023-07,P0175,139335.62723937034,3.16,3029,46,148.71,70.9,A
S003,2023-07,P0057,138491.3962978363,3.14,3030,45.71,139.77,74.04,A
S003,2023-07,P0171,138032.45569725038,3.13,2666,51.78,139.55,77.17,A
S003,2023-07,P0061,137014.03518810272,3.11,2936,46.67,148.42,80.29,B
S003,2023-07,P0129,136605.02651348116,3.1,2746,49.75,136.65,83.39,B
S003,2023-07,P0133,135353.10746803286,3.07,3092,43.78,148.00,86.46,B
S003,2023-07,P0085,132598.25827827453,3.01,2683,49.42,148.39,89.47,B
S003,2023-07,P0067,130390.77715168,2.96,2735,47.67,137.35,92.43,B
S003,2023-07,P0153,127573.21669702529,2.9,2387,53.45,129.29,95.33,C
S003,2023-07,P0066,105949.70205636023,2.41,2416,43.85,131.29,97.73,C
S003,2023-07,P0046,99973.93430747985,2.27,2459,40.66,130.87,100,C
S003,2023-08,P0175,181198.86542139048,4.14,2976,60.89,139.10,4.14,A
S003,2023-08,P0116,178422.18931493757,4.08,3041,58.67,154.35,8.22,A
S003,2023-08,P0069,176827.14801607135,4.04,3212,55.05,162.10,12.26,A
S003,2023-08,P0083,172919.1608150482,3.95,2842,60.84,142.97,16.21,A
S003,2023-08,P0178,168513.7193185806,3.85,2908,57.95,144.61,20.06,A
S003,2023-08,P0066,166586.0817982197,3.81,3070,54.26,151.52,23.87,A
S003,2023-08,P0171,155041.26595191954,3.54,2932,52.88,140.97,27.41,A
S003,2023-08,P0187,153896.62285499575,3.52,2746,56.04,135.61,30.92,A
S003,2023-08,P0096,153188.4115887642,3.5,2892,52.97,146.35,34.42,A
S003,2023-08,P0031,152498.41827030183,3.48,3051,49.98,154.87,37.91,A
S003,2023-08,P0068,150051.60814228057,3.43,2848,52.69,129.19,41.34,A
S003,2023-08,P0094,145364.67303819655,3.32,2971,48.93,144.32,44.66,A
S003,2023-08,P0153,144115.49227371215,3.29,2975,48.44,142.90,47.95,A
S003,2023-08,P0057,144107.05117120745,3.29,3081,46.77,153.71,51.24,A
S003,2023-08,P0159,140123.5965333939,3.2,2821,49.67,141.84,54.45,A
S003,2023-08,P0079,139741.89126491547,3.19,2699,51.78,134.29,57.64,A
S003,2023-08,P0061,139564.84057683946,3.19,2820,49.49,131.26,60.83,A
S003,2023-08,P0070,138027.96380281448,3.15,2832,48.74,148.71,63.98,A
S003,2023-08,P0129,137862.80758476254,3.15,2859,48.22,149.32,67.13,A
S003,2023-08,P0067,137600.41684942244,3.14,2864,48.04,143.90,70.28,A
S003,2023-08,P0017,136759.72466640474,3.12,2925,46.76,151.97,73.4,A
S003,2023-08,P0133,136422.33280553817,3.12,2960,46.09,134.10,76.52,A
S003,2023-08,P0125,136203.10546417237,3.11,2852,47.76,140.42,79.63,A
S003,2023-08,P0149,131454.18710374832,3,2785,47.2,144.81,82.63,B
S003,2023-08,P0016,131026.1965274811,2.99,2664,49.18,132.32,85.63,B
S003,2023-08,P0166,130183.21692733763,2.97,2584,50.38,138.74,88.6,B
S003,2023-08,P0085,128189.75582113264,2.93,2639,48.58,134.39,91.53,B
S003,2023-08,P0126,126538.8428618431,2.89,2937,43.08,137.87,94.42,B
S003,2023-08,P0046,124290.87644748687,2.84,2715,45.78,133.03,97.26,C
S003,2023-08,P0183,119832.0153250694,2.74,2632,45.53,134.52,100,C
S003,2023-09,P0066,167639.29745082857,4.03,2856,58.7,141.30,4.03,A
S003,2023-09,P0153,167398.82241392136,4.02,3132,53.45,150.17,8.05,A
S003,2023-09,P0096,163706.4766263962,3.93,2818,58.09,139.90,11.99,A
S003,2023-09,P0085,156435.28198771476,3.76,3147,49.71,152.50,15.75,A
S003,2023-09,P0067,154576.2834377289,3.72,2844,54.35,143.33,19.46,A
S003,2023-09,P0046,151783.89048976896,3.65,3108,48.84,155.80,23.11,A
S003,2023-09,P0166,151618.45702438356,3.64,2789,54.36,134.53,26.76,A
S003,2023-09,P0094,151076.7259015083,3.63,2721,55.52,137.47,30.39,A
S003,2023-09,P0159,150727.36215114594,3.62,2696,55.91,146.50,34.01,A
S003,2023-09,P0070,145087.2222139358,3.49,2619,55.4,140.70,37.5,A
S003,2023-09,P0133,142959.46207466122,3.44,2784,51.35,147.47,40.93,A
S003,2023-09,P0068,142846.77898206713,3.43,2717,52.58,145.70,44.37,A
S003,2023-09,P0129,141317.3042814255,3.4,3153,44.82,144.67,47.76,A
S003,2023-09,P0126,140732.15887970926,3.38,2920,48.2,146.73,51.14,A
S003,2023-09,P0149,139922.83426570892,3.36,2753,50.83,142.03,54.51,A
S003,2023-09,P0017,135866.20245571138,3.27,2777,48.93,144.73,57.77,A
S003,2023-09,P0183,135065.80725774766,3.25,2583,52.29,126.20,61.02,A
S003,2023-09,P0079,134902.3240091324,3.24,2583,52.23,129.57,64.26,A
S003,2023-09,P0116,133944.02133045194,3.22,2842,47.13,149.47,67.48,A
S003,2023-09,P0016,131436.01792831422,3.16,2697,48.73,137.87,70.64,A
S003,2023-09,P0057,128927.68660736084,3.1,2807,45.93,129.50,73.74,A
S003,2023-09,P0125,127455.16041917802,3.06,3092,41.22,149.40,76.8,A
S003,2023-09,P0069,126819.6921880722,3.05,2664,47.6,145.30,79.85,A
S003,2023-09,P0171,126602.83673691751,3.04,2486,50.93,141.73,82.89,B
S003,2023-09,P0083,122786.6092944145,2.95,2419,50.76,135.73,85.85,B
S003,2023-09,P0187,121409.56556820868,2.92,2704,44.9,132.87,88.76,B
S003,2023-09,P0178,118912.97139129642,2.86,2411,49.32,131.50,91.62,B
S003,2023-09,P0061,118788.85349855424,2.86,2695,44.08,141.23,94.48,B
S003,2023-09,P0031,116685.01615581513,2.8,2481,47.03,127.73,97.28,C
S003,2023-09,P0175,113116.8757730961,2.72,2485,45.52,119.37,100,C
S003,2023-10,P0178,185152.7828601837,4.37,3296,56.17,152.58,4.37,A
S003,2023-10,P0070,162006.5372144699,3.82,3145,51.51,150.97,8.19,A
S003,2023-10,P0067,161292.915864563,3.8,2975,54.22,141.61,11.99,A
S003,2023-10,P0166,160841.12929697038,3.79,3269,49.2,145.13,15.79,A
S003,2023-10,P0187,160511.57009849543,3.79,2937,54.65,138.19,19.57,A
S003,2023-10,P0096,153671.92254257202,3.62,2828,54.34,136.90,23.19,A
S003,2023-10,P0085,152793.41348228452,3.6,2706,56.46,134.06,26.8,A
S003,2023-10,P0083,151119.52959313392,3.56,2865,52.75,132.45,30.36,A
S003,2023-10,P0094,150232.951838398,3.54,2844,52.82,143.13,33.91,A
S003,2023-10,P0046,150172.93105812077,3.54,3000,50.06,149.55,37.45,A
S003,2023-10,P0126,149906.93515844346,3.54,3179,47.16,155.03,40.98,A
S003,2023-10,P0057,148639.3005914688,3.51,3094,48.04,154.45,44.49,A
S003,2023-10,P0069,146930.84195213317,3.47,2681,54.8,137.16,47.95,A
S003,2023-10,P0133,146227.49192256926,3.45,2699,54.18,137.74,51.4,A
S003,2023-10,P0061,143962.21433386803,3.4,2888,49.85,140.87,54.8,A
S003,2023-10,P0017,138136.87996015552,3.26,2799,49.35,149.65,58.06,A
S003,2023-10,P0175,136398.49972715374,3.22,3158,43.19,157.90,61.27,A
S003,2023-10,P0125,136276.07038574218,3.21,2795,48.76,149.13,64.49,A
S003,2023-10,P0066,134980.40573501587,3.18,2921,46.21,136.10,67.67,A
S003,2023-10,P0068,134194.26662950515,3.16,3065,43.78,148.26,70.84,A
S003,2023-10,P0159,132478.1089838982,3.12,2864,46.26,144.35,73.96,A
S003,2023-10,P0183,129496.10719070435,3.05,2787,46.46,129.77,77.01,A
S003,2023-10,P0153,128734.1448122978,3.04,2575,49.99,117.94,80.05,B
S003,2023-10,P0031,126502.31756010055,2.98,2400,52.71,122.45,83.03,B
S003,2023-10,P0116,124051.26308689115,2.93,2674,46.39,146.58,85.96,B
S003,2023-10,P0079,122564.98343791961,2.89,2769,44.26,132.32,88.85,B
S003,2023-10,P0129,121074.29940414427,2.86,2565,47.2,129.65,91.71,B
S003,2023-10,P0149,119719.81646566391,2.82,2763,43.33,141.68,94.53,B
S003,2023-10,P0016,116169.47894945147,2.74,2694,43.12,136.52,97.27,C
S003,2023-10,P0171,115800.0502509594,2.73,2670,43.37,131.61,100,C
S003,2023-11,P0125,251673.7648482323,5.02,4447,56.59,204.63,5.02,A
S003,2023-11,P0069,224307.55084218984,4.47,3987,56.26,178.90,9.49,A
S003,2023-11,P0187,224120.3901426315,4.47,3907,57.36,181.63,13.96,A
S003,2023-11,P0016,216014.5568222046,4.31,4139,52.19,191.67,18.26,A
S003,2023-11,P0061,213712.71941242213,4.26,4149,51.51,182.90,22.52,A
S003,2023-11,P0133,208665.00261802675,4.16,3763,55.45,174.03,26.68,A
S003,2023-11,P0046,208379.83006119728,4.15,4367,47.72,199.43,30.83,A
S003,2023-11,P0066,206401.77099094389,4.11,3970,51.99,176.00,34.95,A
S003,2023-11,P0057,202780.1820207596,4.04,4106,49.39,181.60,38.99,A
S003,2023-11,P0178,194494.24663300515,3.88,4153,46.83,188.73,42.87,A
S003,2023-11,P0126,180010.6851196289,3.59,3596,50.06,167.77,46.46,A
S003,2023-11,P0083,173847.04935393334,3.47,2727,63.75,133.13,49.92,A
S003,2023-11,P0094,162282.21760587688,3.23,2710,59.88,131.43,53.16,A
S003,2023-11,P0017,154768.90855827328,3.09,3050,50.74,142.33,56.24,A
S003,2023-11,P0116,154729.35211663245,3.08,3006,51.47,154.63,59.33,A
S003,2023-11,P0166,153380.0113433838,3.06,2954,51.92,144.37,62.38,A
S003,2023-11,P0153,153140.6875691414,3.05,2817,54.36,134.17,65.44,A
S003,2023-11,P0096,150212.31437978745,2.99,2972,50.54,146.03,68.43,A
S003,2023-11,P0070,148259.41743984222,2.96,2685,55.22,145.37,71.38,A
S003,2023-11,P0171,146030.25338420866,2.91,2587,56.45,144.03,74.3,A
S003,2023-11,P0085,145747.70978813173,2.91,2727,53.45,135.00,77.2,A
S003,2023-11,P0149,138166.45060043334,2.75,2911,47.46,146.47,79.96,A
S003,2023-11,P0175,136087.0530644417,2.71,2706,50.29,139.13,82.67,B
S003,2023-11,P0068,134303.5133447647,2.68,2331,57.62,122.90,85.34,B
S003,2023-11,P0067,127549.58497900963,2.54,2650,48.13,141.30,87.89,B
S003,2023-11,P0159,124321.47402052881,2.48,2578,48.22,141.30,90.37,B
S003,2023-11,P0031,124120.72456426619,2.47,2647,46.89,137.20,92.84,B
S003,2023-11,P0183,121450.8845029831,2.42,2774,43.78,143.87,95.26,C
S003,2023-11,P0079,119620.68709602355,2.38,2544,47.02,132.70,97.65,C
S003,2023-11,P0129,118140.7706964016,2.35,2577,45.84,129.23,100,C
S003,2023-12,P0187,229221.4076328755,4.84,4182,54.81,183.23,4.84,A
S003,2023-12,P0126,216729.41084346775,4.58,4220,51.36,181.48,9.42,A
S003,2023-12,P0125,197441.71980838774,4.17,4175,47.29,187.77,13.59,A
S003,2023-12,P0057,197332.79453983306,4.17,4100,48.13,182.42,17.76,A
S003,2023-12,P0116,193979.16589097976,4.1,2961,65.51,143.90,21.86,A
S003,2023-12,P0061,192658.31917743685,4.07,4091,47.09,175.16,25.93,A
S003,2023-12,P0133,185671.95194272994,3.92,4170,44.53,177.35,29.85,A
S003,2023-12,P0046,177087.44748382573,3.74,4024,44.01,179.16,33.59,A
S003,2023-12,P0069,172802.0588349342,3.65,3805,45.41,164.45,37.24,A
S003,2023-12,P0016,169318.75733451848,3.58,3874,43.71,180.06,40.82,A
S003,2023-12,P0178,167669.65883073807,3.54,3853,43.52,176.77,44.36,A
S003,2023-12,P0066,163372.02192335128,3.45,3799,43,166.19,47.81,A
S003,2023-12,P0153,158728.11354255676,3.35,2873,55.25,135.42,51.17,A
S003,2023-12,P0149,152844.95402450563,3.23,2924,52.27,132.58,54.39,A
S003,2023-12,P0067,151493.37959861758,3.2,3041,49.82,148.32,57.59,A
S003,2023-12,P0096,147222.7853776932,3.11,2861,51.46,145.52,60.7,A
S003,2023-12,P0183,145453.02328195574,3.07,2901,50.14,144.19,63.78,A
S003,2023-12,P0079,144764.01593637472,3.06,2913,49.7,149.03,66.84,A
S003,2023-12,P0166,144723.94321761132,3.06,2669,54.22,144.68,69.89,A
S003,2023-12,P0068,142988.08759717943,3.02,2942,48.6,142.29,72.91,A
S003,2023-12,P0094,142401.6931686401,3.01,2910,48.94,139.00,75.92,A
S003,2023-12,P0171,140135.5132015229,2.96,2818,49.73,138.48,78.88,A
S003,2023-12,P0083,139802.38284721374,2.95,2862,48.85,141.71,81.84,B
S003,2023-12,P0129,131909.28729162217,2.79,2960,44.56,135.10,84.62,B
S003,2023-12,P0070,130894.11347923276,2.77,2817,46.47,145.32,87.39,B
S003,2023-12,P0175,130729.61777362826,2.76,2462,53.1,119.10,90.15,B
S003,2023-12,P0031,120951.79873638152,2.56,2504,48.3,127.65,92.7,B
S003,2023-12,P0017,120686.4307709694,2.55,2803,43.06,128.52,95.25,C
S003,2023-12,P0085,118185.02312345504,2.5,2482,47.62,119.32,97.75,C
S003,2023-12,P0159,106509.23401484489,2.25,2733,38.97,139.71,100,C
S004,2022-01,P0133,225824.60103025433,4.62,4377,51.59,185.55,4.62,A
S004,2022-01,P0061,213875.73003549577,4.38,3959,54.02,183.10,9,A
S004,2022-01,P0126,210052.99736280442,4.3,4165,50.43,173.84,13.3,A
S004,2022-01,P0178,203597.15899472235,4.17,3757,54.19,170.84,17.46,A
S004,2022-01,P0187,202299.77710876465,4.14,3853,52.5,176.13,21.6,A
S004,2022-01,P0016,202143.25541372297,4.14,4091,49.41,179.29,25.74,A
S004,2022-01,P0046,201746.4375512123,4.13,3938,51.23,183.13,29.87,A
S004,2022-01,P0069,201319.30440912247,4.12,3988,50.48,187.48,33.99,A
S004,2022-01,P0066,200754.8575961113,4.11,3777,53.15,173.77,38.09,A
S004,2022-01,P0125,195464.88543052675,4,3751,52.11,169.90,42.09,A
S004,2022-01,P0067,179527.8802459717,3.67,3034,59.17,148.90,45.77,A
S004,2022-01,P0057,178490.92140808105,3.65,3929,45.43,185.10,49.42,A
S004,2022-01,P0070,163096.9351970673,3.34,2972,54.88,148.39,52.76,A
S004,2022-01,P0129,149268.72306590082,3.05,2822,52.89,153.71,55.81,A
S004,2022-01,P0159,148039.05860643386,3.03,2661,55.63,133.97,58.84,A
S004,2022-01,P0183,147389.72564620973,3.02,2642,55.79,138.61,61.86,A
S004,2022-01,P0166,146988.98331279756,3.01,2735,53.74,138.61,64.86,A
S004,2022-01,P0094,146042.86308498384,2.99,2927,49.9,153.16,67.85,A
S004,2022-01,P0149,145662.60007195472,2.98,3175,45.88,148.74,70.83,A
S004,2022-01,P0031,145051.19170989993,2.97,2851,50.88,156.42,73.8,A
S004,2022-01,P0116,144509.26654090878,2.96,2866,50.42,140.65,76.76,A
S004,2022-01,P0171,142613.45278072357,2.92,2854,49.97,134.71,79.68,A
S004,2022-01,P0085,139913.81302957537,2.86,2636,53.08,138.81,82.54,B
S004,2022-01,P0153,134356.44288578036,2.75,2594,51.8,134.61,85.29,B
S004,2022-01,P0017,132665.40067062376,2.71,2853,46.5,138.32,88,B
S004,2022-01,P0083,130456.95283880233,2.67,2732,47.75,142.77,90.67,B
S004,2022-01,P0096,120820.70821228028,2.47,2627,45.99,139.06,93.15,B
S004,2022-01,P0079,120185.53226423264,2.46,2730,44.02,146.13,95.61,C
S004,2022-01,P0068,113073.29548740386,2.31,2548,44.38,125.58,97.92,C
S004,2022-01,P0175,101658.4508831024,2.08,2358,43.11,114.97,100,C
S004,2022-02,P0061,233544.4780282974,5.27,3926,59.49,186.61,5.27,A
S004,2022-02,P0066,213671.8790598869,4.82,3858,55.38,173.96,10.08,A
S004,2022-02,P0046,210568.06238288878,4.75,3639,57.86,178.82,14.83,A
S004,2022-02,P0126,193789.8036409378,4.37,3704,52.32,182.36,19.2,A
S004,2022-02,P0178,182958.0780734062,4.12,3709,49.33,179.36,23.32,A
S004,2022-02,P0187,181171.9322176933,4.08,3659,49.51,186.04,27.41,A
S004,2022-02,P0016,179011.5833664894,4.04,3604,49.67,172.71,31.45,A
S004,2022-02,P0125,177385.3081682205,4,3494,50.77,176.36,35.44,A
S004,2022-02,P0133,165743.36875743867,3.74,3542,46.79,172.36,39.18,A
S004,2022-02,P0069,159789.22909545898,3.6,3218,49.65,156.57,42.78,A
S004,2022-02,P0057,159527.97828969956,3.6,3603,44.28,182.07,46.38,A
S004,2022-02,P0129,153247.45380277635,3.46,2925,52.39,154.32,49.84,A
S004,2022-02,P0096,146090.57642002104,3.29,2560,57.07,133.04,53.13,A
S004,2022-02,P0171,145545.25746479037,3.28,2659,54.74,149.96,56.41,A
S004,2022-02,P0116,138649.41611967084,3.13,2563,54.1,130.36,59.54,A
S004,2022-02,P0070,136597.993214941,3.08,2507,54.49,147.54,62.62,A
S004,2022-02,P0149,134936.18801288604,3.04,2724,49.54,151.57,65.66,A
S004,2022-02,P0153,133619.61659135818,3.01,2452,54.49,125.43,68.67,A
S004,2022-02,P0094,128193.9827972412,2.89,2763,46.4,153.39,71.56,A
S004,2022-02,P0085,124088.64996814729,2.8,2396,51.79,134.89,74.36,A
S004,2022-02,P0183,119844.30957388878,2.7,2346,51.08,125.11,77.06,A
S004,2022-02,P0166,119318.51820278166,2.69,2577,46.3,143.86,79.75,A
S004,2022-02,P0175,117313.18806886673,2.64,2231,52.58,139.29,82.4,B
S004,2022-02,P0079,116671.67670774458,2.63,2600,44.87,140.14,85.03,B
S004,2022-02,P0068,114828.68236789702,2.59,2192,52.39,128.25,87.62,B
S004,2022-02,P0031,114380.01984591484,2.58,2587,44.21,133.54,90.19,B
S004,2022-02,P0067,113812.09326782227,2.57,2792,40.76,140.82,92.76,B
S004,2022-02,P0017,109801.3811958313,2.48,2620,41.91,150.57,95.24,C
S004,2022-02,P0159,107056.11569223406,2.41,2199,48.68,129.14,97.65,C
S004,2022-02,P0083,104222.10054750444,2.35,2467,42.25,136.18,100,C
S004,2022-03,P0125,181115.30136899953,4.2,3269,55.4,150.81,4.2,A
S004,2022-03,P0149,179107.8552402496,4.16,3181,56.31,142.39,8.36,A
S004,2022-03,P0057,165454.4515411377,3.84,3054,54.18,142.42,12.2,A
S004,2022-03,P0116,161218.10280284885,3.74,2840,56.77,129.94,15.94,A
S004,2022-03,P0133,158722.3823225975,3.68,2982,53.23,139.13,19.62,A
S004,2022-03,P0067,157387.13109626772,3.65,3142,50.09,157.13,23.28,A
S004,2022-03,P0153,155978.79489240644,3.62,2856,54.61,145.45,26.9,A
S004,2022-03,P0187,155102.47336311341,3.6,3029,51.21,150.00,30.5,A
S004,2022-03,P0171,152737.9608663559,3.54,2934,52.06,138.06,34.04,A
S004,2022-03,P0046,147506.24258136746,3.42,2817,52.36,151.35,37.47,A
S004,2022-03,P0178,146325.7791581631,3.4,2872,50.95,136.68,40.86,A
S004,2022-03,P0126,145142.52308511734,3.37,2945,49.28,148.55,44.23,A
S004,2022-03,P0069,144763.1170562744,3.36,2882,50.23,135.29,47.59,A
S004,2022-03,P0183,143287.4698866844,3.33,2599,55.13,127.61,50.91,A
S004,2022-03,P0166,143194.8467938423,3.32,2893,49.5,142.13,54.24,A
S004,2022-03,P0085,142645.82800922394,3.31,2814,50.69,140.45,57.55,A
S004,2022-03,P0129,142433.9875041008,3.31,2955,48.2,148.74,60.85,A
S004,2022-03,P0159,141155.87937374116,3.28,2628,53.71,136.10,64.13,A
S004,2022-03,P0096,140612.42448883058,3.26,2922,48.12,144.03,67.39,A
S004,2022-03,P0031,139245.40595779417,3.23,2454,56.74,132.58,70.62,A
S004,2022-03,P0083,139242.76614017488,3.23,2723,51.14,133.35,73.86,A
S004,2022-03,P0068,137926.44344367977,3.2,2713,50.84,125.71,77.06,A
S004,2022-03,P0017,137538.91845989227,3.19,2770,49.65,138.45,80.25,B
S004,2022-03,P0066,132536.59966478348,3.08,2955,44.85,148.39,83.32,B
S004,2022-03,P0061,132506.4496090889,3.08,2639,50.21,140.26,86.4,B
S004,2022-03,P0094,123515.81476716994,2.87,2590,47.69,132.68,89.27,B
S004,2022-03,P0175,123000.48590164183,2.85,2590,47.49,138.32,92.12,B
S004,2022-03,P0070,114211.32551660536,2.65,2574,44.37,118.06,94.77,B
S004,2022-03,P0016,113685.23685302734,2.64,2638,43.1,141.00,97.41,C
S004,2022-03,P0079,111600.27432842256,2.59,2982,37.42,150.84,100,C
S004,2022-04,P0017,162758.7157682419,3.92,2966,54.87,136.43,3.92,A
S004,2022-04,P0061,155565.23958435058,3.75,2676,58.13,134.60,7.67,A
S004,2022-04,P0067,155052.45855369567,3.73,2933,52.86,149.13,11.4,A
S004,2022-04,P0183,152989.1786140442,3.69,2642,57.91,144.27,15.09,A
S004,2022-04,P0068,151010.44938726423,3.64,2829,53.38,148.73,18.73,A
S004,2022-04,P0149,150910.66094417573,3.64,2664,56.65,126.63,22.36,A
S004,2022-04,P0096,150370.0757146835,3.62,2842,52.91,146.97,25.98,A
S004,2022-04,P0129,150152.85285315514,3.62,2601,57.73,133.17,29.6,A
S004,2022-04,P0116,149404.12501897808,3.6,2660,56.17,131.17,33.2,A
S004,2022-04,P0187,146335.908169651,3.52,2722,53.76,133.80,36.72,A
S004,2022-04,P0083,146137.1321855545,3.52,2605,56.1,137.07,40.24,A
S004,2022-04,P0125,142551.01158266066,3.43,2858,49.88,135.73,43.68,A
S004,2022-04,P0175,141613.6366145611,3.41,2885,49.09,145.97,47.09,A
S004,2022-04,P0069,140732.95680084228,3.39,2672,52.67,144.97,50.48,A
S004,2022-04,P0153,139069.05064225197,3.35,2696,51.58,146.43,53.83,A
S004,2022-04,P0066,138934.3584763527,3.35,2751,50.5,148.10,57.17,A
S004,2022-04,P0057,137930.4567540169,3.32,2755,50.07,135.80,60.5,A
S004,2022-04,P0178,137702.63159041406,3.32,2351,58.57,122.93,63.81,A
S004,2022-04,P0070,136687.89183301924,3.29,2770,49.35,147.30,67.11,A
S004,2022-04,P0094,136377.39448142052,3.28,2509,54.36,134.03,70.39,A
S004,2022-04,P0133,135797.13310761453,3.27,2720,49.93,142.80,73.66,A
S004,2022-04,P0085,127380.27950916291,3.07,2732,46.63,140.70,76.73,A
S004,2022-04,P0031,126265.72275276187,3.04,2707,46.64,137.20,79.77,A
S004,2022-04,P0166,125822.42091178893,3.03,2715,46.34,142.00,82.8,B
S004,2022-04,P0046,125685.49524335863,3.03,2739,45.89,134.83,85.83,B
S004,2022-04,P0126,124896.54939107895,3.01,2488,50.2,139.90,88.84,B
S004,2022-04,P0016,123824.01416540147,2.98,2617,47.32,133.80,91.82,B
S004,2022-04,P0079,123501.83032894132,2.97,2774,44.52,142.57,94.8,B
S004,2022-04,P0159,113882.67764110565,2.74,2840,40.1,148.33,97.54,C
S004,2022-04,P0171,102193.91688051225,2.46,2502,40.84,130.80,100,C
S004,2022-05,P0166,209250.664966011,4.74,3531,59.26,159.58,4.74,A
S004,2022-05,P0094,193550.32602672576,4.38,3785,51.14,181.29,9.12,A
S004,2022-05,P0066,184933.480034256,4.19,2743,67.42,143.90,13.31,A
S004,2022-05,P0178,164540.78757457732,3.73,2835,58.04,130.19,17.04,A
S004,2022-05,P0079,162476.82459478377,3.68,3143,51.69,152.16,20.72,A
S004,2022-05,P0153,158392.66323451998,3.59,2978,53.19,155.74,24.3,A
S004,2022-05,P0159,157415.96552405355,3.57,2710,58.09,136.00,27.87,A
S004,2022-05,P0133,154025.13531847004,3.49,2840,54.23,143.26,31.36,A
S004,2022-05,P0183,151149.75694007875,3.42,2825,53.5,138.81,34.78,A
S004,2022-05,P0125,150868.3949756622,3.42,3222,46.82,157.26,38.2,A
S004,2022-05,P0187,149984.0240060806,3.4,3024,49.6,146.55,41.59,A
S004,2022-05,P0067,149002.56863708497,3.37,2920,51.03,148.29,44.97,A
S004,2022-05,P0057,148844.25247364046,3.37,2895,51.41,148.52,48.34,A
S004,2022-05,P0171,148368.0249741554,3.36,2782,53.33,148.23,51.7,A
S004,2022-05,P0070,147373.24636821746,3.34,2590,56.9,125.61,55.04,A
S004,2022-05,P0016,145835.68194146157,3.3,2898,50.32,152.65,58.34,A
S004,2022-05,P0175,143008.56151123045,3.24,2721,52.56,125.68,61.58,A
S004,2022-05,P0149,141558.33197803498,3.21,2977,47.55,145.52,64.78,A
S004,2022-05,P0068,139139.92680206298,3.15,2803,49.64,151.48,67.94,A
S004,2022-05,P0116,138832.06266455652,3.14,2962,46.87,136.68,71.08,A
S004,2022-05,P0017,138187.97606854438,3.13,2730,50.62,141.84,74.21,A
S004,2022-05,P0069,133258.90753126144,3.02,2975,44.79,134.19,77.23,A
S004,2022-05,P0083,132857.01803188323,3.01,2812,47.25,137.13,80.24,B
S004,2022-05,P0129,130419.41101856231,2.95,2471,52.78,130.23,83.19,B
S004,2022-05,P0096,130138.51971235278,2.95,2754,47.25,138.26,86.14,B
S004,2022-05,P0046,129927.32032380103,2.94,2864,45.37,149.10,89.08,B
S004,2022-05,P0085,128482.37298431396,2.91,2923,43.96,138.32,91.99,B
S004,2022-05,P0031,124525.5477456093,2.82,2678,46.5,134.23,94.81,B
S004,2022-05,P0061,119952.44390983581,2.72,2649,45.28,144.77,97.53,C
S004,2022-05,P0126,109271.26187982559,2.47,2625,41.63,136.19,100,C
S004,2022-06,P0166,201239.53904190063,4.72,3607,55.79,166.37,4.72,A
S004,2022-06,P0094,198790.42633662221,4.66,3702,53.7,164.70,9.38,A
S004,2022-06,P0066,167582.19000873566,3.93,3078,54.45,144.73,13.3,A
S004,2022-06,P0061,166213.56409978867,3.9,2847,58.38,145.17,17.2,A
S004,2022-06,P0133,161715.52724628447,3.79,2877,56.21,134.90,20.99,A
S004,2022-06,P0069,159248.15472679137,3.73,3015,52.82,146.77,24.72,A
S004,2022-06,P0067,152507.77380232813,3.57,2767,55.12,141.90,28.29,A
S004,2022-06,P0116,151813.282796669,3.56,2739,55.43,153.07,31.85,A
S004,2022-06,P0057,151389.59394197463,3.55,2885,52.47,141.67,35.4,A
S004,2022-06,P0153,150432.40928735732,3.53,2861,52.58,147.33,38.93,A
S004,2022-06,P0068,148654.47610464095,3.48,2838,52.38,150.83,42.41,A
S004,2022-06,P0096,148171.80546875,3.47,2712,54.64,135.03,45.88,A
S004,2022-06,P0129,143951.11493606566,3.37,2877,50.04,147.80,49.26,A
S004,2022-06,P0046,141865.2270137787,3.32,2801,50.65,142.27,52.58,A
S004,2022-06,P0031,135867.07044029233,3.18,2457,55.3,127.80,55.77,A
S004,2022-06,P0070,133979.2460624218,3.14,2649,50.58,131.70,58.91,A
S004,2022-06,P0178,133830.29410305026,3.14,2481,53.94,129.53,62.04,A
S004,2022-06,P0126,132884.34590935707,3.11,2520,52.73,132.20,65.16,A
S004,2022-06,P0187,132683.88680706025,3.11,2716,48.85,137.63,68.27,A
S004,2022-06,P0079,130953.25289592745,3.07,2587,50.62,135.70,71.33,A
S004,2022-06,P0125,129964.85911636351,3.05,2435,53.37,125.97,74.38,A
S004,2022-06,P0083,129494.85503120424,3.03,2617,49.48,142.03,77.42,A
S004,2022-06,P0149,129239.40152454375,3.03,2689,48.06,131.33,80.44,B
S004,2022-06,P0085,127915.32514276501,3,2622,48.79,137.07,83.44,B
S004,2022-06,P0171,127181.18525924685,2.98,2631,48.34,136.13,86.42,B
S004,2022-06,P0016,125005.84600105285,2.93,2655,47.08,137.90,89.35,B
S004,2022-06,P0017,124278.97321205137,2.91,2625,47.34,135.73,92.26,B
S004,2022-06,P0183,118613.66118755341,2.78,2602,45.59,135.23,95.04,C
S004,2022-06,P0159,110483.42793788911,2.59,2428,45.5,120.03,97.63,C
S004,2022-06,P0175,100952.0814741135,2.37,2540,39.74,136.80,100,C
S004,2022-07,P0094,209173.45099639893,4.83,3701,56.52,171.32,4.83,A
S004,2022-07,P0149,195134.83878173828,4.5,2738,71.27,132.65,9.33,A
S004,2022-07,P0153,162388.35622634887,3.75,2933,55.37,138.61,13.08,A
S004,2022-07,P0067,160651.8897175789,3.71,2672,60.12,132.39,16.79,A
S004,2022-07,P0166,160330.1220485687,3.7,3510,45.68,165.94,20.49,A
S004,2022-07,P0175,159293.7813463211,3.68,2970,53.63,150.61,24.16,A
S004,2022-07,P0133,158605.22843737603,3.66,2820,56.24,142.35,27.82,A
S004,2022-07,P0171,155953.1408770561,3.6,2973,52.46,151.61,31.42,A
S004,2022-07,P0069,155664.8448711395,3.59,2863,54.37,132.81,35.01,A
S004,2022-07,P0017,155628.4905626297,3.59,2840,54.8,138.81,38.6,A
S004,2022-07,P0031,151301.11964397426,3.49,2764,54.74,140.71,42.1,A
S004,2022-07,P0066,149941.28879299163,3.46,2856,52.5,144.39,45.56,A
S004,2022-07,P0187,147173.52306118014,3.4,2967,49.6,152.19,48.95,A
S004,2022-07,P0129,146492.11246728897,3.38,2711,54.04,134.13,52.33,A
S004,2022-07,P0096,145791.59380197525,3.36,2877,50.67,154.90,55.7,A
S004,2022-07,P0079,138730.74728040694,3.2,2541,54.6,133.48,58.9,A
S004,2022-07,P0057,138248.37164773943,3.19,2980,46.39,151.29,62.09,A
S004,2022-07,P0126,136179.98518896103,3.14,2808,48.5,145.84,65.23,A
S004,2022-07,P0046,135976.93541374206,3.14,2947,46.14,149.65,68.37,A
S004,2022-07,P0116,133607.77283315657,3.08,2576,51.87,135.94,71.45,A
S004,2022-07,P0070,132006.79933156967,3.05,2737,48.23,137.23,74.5,A
S004,2022-07,P0083,131648.60954933165,3.04,2659,49.51,130.71,77.54,A
S004,2022-07,P0183,130571.17275381088,3.01,2724,47.93,142.45,80.55,B
S004,2022-07,P0068,130567.47079906466,3.01,2516,51.89,133.48,83.56,B
S004,2022-07,P0178,127755.08461961747,2.95,2816,45.37,143.77,86.51,B
S004,2022-07,P0016,125557.40122585298,2.9,2579,48.68,144.16,89.41,B
S004,2022-07,P0125,121228.13274798394,2.8,2785,43.53,133.65,92.21,B
S004,2022-07,P0085,115690.77361593246,2.67,2837,40.78,147.03,94.88,B
S004,2022-07,P0061,111124.79142556193,2.56,2689,41.33,132.48,97.44,C
S004,2022-07,P0159,110870.94907059669,2.56,2798,39.63,145.71,100,C
S004,2022-08,P0116,172697.53876495358,3.99,3153,54.77,155.97,3.99,A
S004,2022-08,P0153,172164.10576300623,3.98,2916,59.04,127.16,7.97,A
S004,2022-08,P0046,169827.1214101791,3.92,3156,53.81,154.00,11.89,A
S004,2022-08,P0061,169316.37727007866,3.91,3049,55.53,144.94,15.8,A
S004,2022-08,P0096,168364.49095849987,3.89,2985,56.4,152.10,19.69,A
S004,2022-08,P0125,165544.56656045915,3.82,2995,55.27,145.71,23.52,A
S004,2022-08,P0183,162065.468522644,3.74,2848,56.91,129.42,27.26,A
S004,2022-08,P0057,159149.09239006042,3.68,2767,57.52,142.19,30.94,A
S004,2022-08,P0126,157196.9668012619,3.63,2881,54.56,154.29,34.57,A
S004,2022-08,P0083,154582.4921785831,3.57,2840,54.43,132.16,38.14,A
S004,2022-08,P0133,148629.68176360131,3.43,3034,48.99,152.65,41.58,A
S004,2022-08,P0069,147499.3005439281,3.41,3055,48.28,140.42,44.99,A
S004,2022-08,P0149,147415.88677616118,3.41,2623,56.2,141.55,48.39,A
S004,2022-08,P0178,147080.5515217304,3.4,2617,56.2,132.84,51.79,A
S004,2022-08,P0166,143000.23309526444,3.3,3190,44.83,147.55,55.09,A
S004,2022-08,P0016,140100.37592363358,3.24,2930,47.82,140.26,58.33,A
S004,2022-08,P0085,139932.78723220824,3.23,2470,56.65,129.03,61.56,A
S004,2022-08,P0079,137596.43869862554,3.18,2852,48.25,140.23,64.74,A
S004,2022-08,P0187,137423.58991899487,3.18,2692,51.05,135.42,67.92,A
S004,2022-08,P0171,134545.49158234597,3.11,2752,48.89,128.71,71.03,A
S004,2022-08,P0070,134533.35362873075,3.11,2548,52.8,138.65,74.13,A
S004,2022-08,P0094,134335.12279129028,3.1,2733,49.15,134.87,77.24,A
S004,2022-08,P0067,131775.91418170932,3.04,2785,47.32,138.23,80.28,B
S004,2022-08,P0159,129903.71756172179,3,2354,55.18,118.74,83.28,B
S004,2022-08,P0175,124574.19546136855,2.88,2527,49.3,130.10,86.16,B
S004,2022-08,P0068,123639.1309381485,2.86,2649,46.67,137.06,89.02,B
S004,2022-08,P0031,123136.35593204497,2.84,2472,49.81,129.10,91.86,B
S004,2022-08,P0017,120958.79202985765,2.79,2732,44.27,144.77,94.66,B
S004,2022-08,P0066,117316.88076534274,2.71,2512,46.7,123.97,97.37,C
S004,2022-08,P0129,113872.77688322066,2.63,2654,42.91,138.13,100,C
S004,2022-09,P0016,172141.35995998388,4.11,3154,54.58,152.23,4.11,A
S004,2022-09,P0017,166388.66699986462,3.97,2850,58.38,139.63,8.08,A
S004,2022-09,P0116,165453.16699848173,3.95,3230,51.22,160.00,12.02,A
S004,2022-09,P0133,161130.15815286638,3.84,3252,49.55,165.60,15.87,A
S004,2022-09,P0096,160737.6668753624,3.83,3093,51.97,158.77,19.7,A
S004,2022-09,P0094,153693.32945327763,3.67,2841,54.1,144.33,23.37,A
S004,2022-09,P0153,153617.95564136506,3.66,2728,56.31,139.30,27.03,A
S004,2022-09,P0166,150346.3568397999,3.59,2916,51.56,151.67,30.62,A
S004,2022-09,P0068,149222.05142922403,3.56,2881,51.8,141.97,34.18,A
S004,2022-09,P0069,148774.62786846163,3.55,2963,50.21,152.60,37.73,A
S004,2022-09,P0171,145145.39708776475,3.46,2880,50.4,145.87,41.19,A
S004,2022-09,P0159,145105.14399003983,3.46,2700,53.74,133.10,44.66,A
S004,2022-09,P0178,143612.6932919502,3.43,2899,49.54,143.33,48.08,A
S004,2022-09,P0079,141457.0513750076,3.37,2607,54.26,139.63,51.46,A
S004,2022-09,P0129,140439.95936031343,3.35,2762,50.85,146.80,54.81,A
S004,2022-09,P0183,140410.97270965573,3.35,2610,53.8,124.33,58.16,A
S004,2022-09,P0175,140139.91796379088,3.34,2776,50.48,142.83,61.5,A
S004,2022-09,P0149,139495.05952796937,3.33,2830,49.29,148.67,64.83,A
S004,2022-09,P0067,137706.79205713273,3.29,2922,47.13,146.33,68.11,A
S004,2022-09,P0066,135836.66886262895,3.24,2697,50.37,134.50,71.35,A
S004,2022-09,P0070,130714.53224630356,3.12,2676,48.85,142.67,74.47,A
S004,2022-09,P0125,128382.5685110569,3.06,2799,45.87,140.83,77.54,A
S004,2022-09,P0187,127020.04161758421,3.03,2783,45.64,142.93,80.57,B
S004,2022-09,P0061,126701.96686534883,3.02,2528,50.12,131.83,83.59,B
S004,2022-09,P0126,124693.49032773972,2.97,2801,44.52,144.87,86.56,B
S004,2022-09,P0057,124532.53463468555,2.97,2657,46.87,127.07,89.54,B
S004,2022-09,P0085,121344.04174728392,2.89,2358,51.46,125.70,92.43,B
S004,2022-09,P0083,108673.29314460754,2.59,2919,37.23,141.40,95.02,C
S004,2022-09,P0046,104600.16781425478,2.5,2594,40.32,140.40,97.52,C
S004,2022-09,P0031,104006.67124061585,2.48,2396,43.41,127.03,100,C
S004,2022-10,P0079,175845.26213779452,3.96,2979,59.03,146.06,3.96,A
S004,2022-10,P0116,170164.63879451755,3.83,3103,54.84,157.10,7.79,A
S004,2022-10,P0149,165519.48237152098,3.73,3097,53.45,154.90,11.51,A
S004,2022-10,P0094,164653.48173494337,3.71,2999,54.9,142.03,15.22,A
S004,2022-10,P0057,164438.48850040438,3.7,3186,51.61,145.52,18.92,A
S004,2022-10,P0159,158603.40634860992,3.57,2578,61.52,122.03,22.49,A
S004,2022-10,P0069,157162.29522190092,3.54,2876,54.65,144.58,26.03,A
S004,2022-10,P0153,156175.2928352356,3.52,2701,57.82,140.61,29.54,A
S004,2022-10,P0070,155565.7985725403,3.5,2740,56.78,152.29,33.05,A
S004,2022-10,P0133,155293.02457895278,3.5,2723,57.03,140.32,36.54,A
S004,2022-10,P0066,154848.29394292837,3.49,2975,52.05,151.65,40.03,A
S004,2022-10,P0083,152362.27214946746,3.43,2723,55.95,133.10,43.46,A
S004,2022-10,P0016,151858.6720423698,3.42,2816,53.93,144.84,46.87,A
S004,2022-10,P0068,150484.8771030426,3.39,2717,55.39,137.16,50.26,A
S004,2022-10,P0017,146842.2432182312,3.31,2993,49.06,138.61,53.57,A
S004,2022-10,P0183,146602.20019283294,3.3,2779,52.75,136.29,56.87,A
S004,2022-10,P0085,146012.1172782898,3.29,2895,50.44,148.90,60.15,A
S004,2022-10,P0126,145940.56997275352,3.28,2804,52.05,133.03,63.44,A
S004,2022-10,P0166,141623.04504890446,3.19,2782,50.91,138.45,66.62,A
S004,2022-10,P0096,141210.0369729996,3.18,2947,47.92,135.00,69.8,A
S004,2022-10,P0061,139682.9665878296,3.14,2741,50.96,127.68,72.95,A
S004,2022-10,P0178,138808.61749753953,3.12,2633,52.72,128.23,76.07,A
S004,2022-10,P0171,138647.3299413681,3.12,2657,52.18,138.32,79.19,A
S004,2022-10,P0175,137930.01797575952,3.1,2643,52.19,128.48,82.3,B
S004,2022-10,P0129,137258.4617661476,3.09,2565,53.51,131.71,85.39,B
S004,2022-10,P0187,135579.2206144333,3.05,2748,49.34,134.87,88.44,B
S004,2022-10,P0046,134287.91599187852,3.02,2555,52.56,131.32,91.46,B
S004,2022-10,P0125,130691.82501268385,2.94,2923,44.71,141.77,94.4,B
S004,2022-10,P0067,126800.00627131465,2.85,2511,50.5,129.97,97.26,C
S004,2022-10,P0031,121911.24204683304,2.74,2468,49.4,128.45,100,C
S004,2022-11,P0016,219914.78223524097,4.62,4383,50.17,192.03,4.62,A
S004,2022-11,P0046,210524.3956998825,4.42,4014,52.45,175.27,9.04,A
S004,2022-11,P0057,205287.77393484119,4.31,3722,55.16,177.07,13.36,A
S004,2022-11,P0061,204269.71882791517,4.29,3948,51.74,173.03,17.65,A
S004,2022-11,P0066,203315.0867873669,4.27,3951,51.46,185.30,21.92,A
S004,2022-11,P0125,199852.67980928422,4.2,4053,49.31,182.37,26.12,A
S004,2022-11,P0187,191220.2066417694,4.02,3634,52.62,173.97,30.14,A
S004,2022-11,P0069,179727.76481609343,3.78,3848,46.71,183.40,33.92,A
S004,2022-11,P0178,176680.21963348385,3.71,3692,47.85,167.23,37.63,A
S004,2022-11,P0133,169022.9839266777,3.55,3876,43.61,171.97,41.18,A
S004,2022-11,P0079,167565.20726599693,3.52,2769,60.51,140.87,44.7,A
S004,2022-11,P0126,161467.66534085272,3.39,3422,47.19,159.03,48.09,A
S004,2022-11,P0149,158832.29039230352,3.34,2705,58.72,141.00,51.43,A
S004,2022-11,P0067,157165.77112865448,3.3,2699,58.23,141.40,54.73,A
S004,2022-11,P0153,154015.34255561832,3.24,2861,53.83,146.57,57.97,A
S004,2022-11,P0183,153129.34866166112,3.22,2830,54.11,146.10,61.19,A
S004,2022-11,P0085,150107.25641202927,3.15,2882,52.08,148.17,64.34,A
S004,2022-11,P0068,137323.3957479,2.89,2600,52.82,134.23,67.23,A
S004,2022-11,P0094,135501.91190299988,2.85,2712,49.96,139.90,70.08,A
S004,2022-11,P0096,135181.77320032121,2.84,3026,44.67,140.23,72.92,A
S004,2022-11,P0171,133931.39442691804,2.81,2649,50.56,138.37,75.73,A
S004,2022-11,P0017,133820.81065740585,2.81,2697,49.62,136.90,78.54,A
S004,2022-11,P0116,132459.81469764712,2.78,2471,53.61,121.10,81.33,B
S004,2022-11,P0083,132393.99977302548,2.78,2502,52.92,125.40,84.11,B
S004,2022-11,P0129,131126.2484764099,2.76,2546,51.5,134.87,86.86,B
S004,2022-11,P0159,130520.6709605217,2.74,2575,50.69,139.70,89.6,B
S004,2022-11,P0166,126750.9309281349,2.66,2862,44.29,141.43,92.27,B
S004,2022-11,P0070,126592.8027671814,2.66,2648,47.81,143.37,94.93,B
S004,2022-11,P0175,124241.88951988221,2.61,2556,48.61,133.30,97.54,C
S004,2022-11,P0031,117127.9912174225,2.46,2611,44.86,143.03,100,C
S004,2022-12,P0126,229980.29959812167,4.52,4126,55.74,180.71,4.52,A
S004,2022-12,P0061,223925.68911266333,4.4,4214,53.14,187.19,8.93,A
S004,2022-12,P0046,217719.40481719974,4.28,3654,59.58,169.13,13.21,A
S004,2022-12,P0069,216902.20006933218,4.27,4084,53.11,169.65,17.47,A
S004,2022-12,P0187,211492.30225024224,4.16,3826,55.28,173.68,21.63,A
S004,2022-12,P0066,210192.2491775513,4.13,4153,50.61,180.45,25.77,A
S004,2022-12,P0133,203321.64724931718,4,3857,52.71,179.45,29.76,A
S004,2022-12,P0016,202609.7675142288,3.98,4243,47.75,188.84,33.75,A
S004,2022-12,P0057,198025.82110862737,3.89,4030,49.14,187.87,37.64,A
S004,2022-12,P0178,189969.49601354598,3.74,3975,47.79,169.19,41.38,A
S004,2022-12,P0125,188548.14777269363,3.71,3704,50.9,162.48,45.09,A
S004,2022-12,P0175,171518.32006368638,3.37,2890,59.35,146.10,48.46,A
S004,2022-12,P0083,170905.7874587059,3.36,2883,59.28,157.68,51.82,A
S004,2022-12,P0096,166139.43184671403,3.27,2812,59.08,138.19,55.09,A
S004,2022-12,P0129,165300.75332984922,3.25,2871,57.58,154.03,58.34,A
S004,2022-12,P0153,160451.44790563584,3.16,2811,57.08,140.00,61.49,A
S004,2022-12,P0031,157512.44423789976,3.1,2989,52.7,146.74,64.59,A
S004,2022-12,P0017,153876.8172062397,3.03,2733,56.3,143.68,67.62,A
S004,2022-12,P0079,152131.98395671847,2.99,2877,52.88,136.68,70.61,A
S004,2022-12,P0116,151438.8309952736,2.98,2873,52.71,137.32,73.59,A
S004,2022-12,P0166,150747.20930862427,2.96,3033,49.7,157.58,76.55,A
S004,2022-12,P0068,147601.9883420944,2.9,2834,52.08,140.74,79.45,A
S004,2022-12,P0067,144556.01560611723,2.84,2647,54.61,142.65,82.3,B
S004,2022-12,P0070,142603.52837820054,2.8,2775,51.39,130.48,85.1,B
S004,2022-12,P0094,140584.56278553006,2.76,3205,43.86,139.32,87.86,B
S004,2022-12,P0159,139809.18025965692,2.75,2754,50.77,142.10,90.61,B
S004,2022-12,P0149,139445.16359381675,2.74,2824,49.38,138.10,93.36,B
S004,2022-12,P0171,118932.19337940218,2.34,2408,49.39,129.23,95.69,C
S004,2022-12,P0183,116119.14057054519,2.28,2518,46.12,123.52,97.98,C
S004,2022-12,P0085,102812.80238180161,2.02,2407,42.71,127.45,100,C
S004,2023-01,P0057,251528.08782997134,5.04,4451,56.51,187.32,5.04,A
S004,2023-01,P0187,219335.4116437912,4.39,3839,57.13,176.26,9.43,A
S004,2023-01,P0016,209847.15967931747,4.2,4556,46.06,194.65,13.64,A
S004,2023-01,P0046,207924.46273937228,4.17,4382,47.45,185.00,17.8,A
S004,2023-01,P0126,199715.09465675353,4,3821,52.27,172.84,21.8,A
S004,2023-01,P0133,197138.82523617742,3.95,4293,45.92,186.03,25.75,A
S004,2023-01,P0069,193442.74569954872,3.88,3842,50.35,171.16,29.63,A
S004,2023-01,P0066,190587.9308379173,3.82,3710,51.37,175.65,33.45,A
S004,2023-01,P0061,180379.1964708328,3.61,3885,46.43,176.90,37.06,A
S004,2023-01,P0178,177808.2423578262,3.56,3810,46.67,178.42,40.62,A
S004,2023-01,P0125,170301.25033731462,3.41,3695,46.09,165.81,44.04,A
S004,2023-01,P0153,167999.60857124327,3.37,2980,56.38,142.23,47.4,A
S004,2023-01,P0175,166577.31481399536,3.34,3104,53.67,148.61,50.74,A
S004,2023-01,P0068,165636.2703613758,3.32,3062,54.09,144.03,54.06,A
S004,2023-01,P0017,164167.02408695215,3.29,3075,53.39,143.16,57.35,A
S004,2023-01,P0183,159748.75329666137,3.2,2696,59.25,143.39,60.55,A
S004,2023-01,P0149,156117.85463933946,3.13,3165,49.33,147.48,63.68,A
S004,2023-01,P0031,155085.53050575257,3.11,2623,59.13,129.39,66.78,A
S004,2023-01,P0083,153725.50775318142,3.08,3109,49.45,159.00,69.86,A
S004,2023-01,P0094,153293.31915311812,3.07,2887,53.1,134.65,72.93,A
S004,2023-01,P0129,148669.50163583754,2.98,2899,51.28,136.48,75.91,A
S004,2023-01,P0096,146533.93616933824,2.94,2721,53.85,141.90,78.85,A
S004,2023-01,P0070,143798.40306873323,2.88,2779,51.74,139.42,81.73,B
S004,2023-01,P0159,143656.21443004606,2.88,2960,48.53,142.35,84.61,B
S004,2023-01,P0116,138625.90490970612,2.78,2852,48.61,144.19,87.38,B
S004,2023-01,P0085,133458.98526887893,2.67,2784,47.94,138.19,90.06,B
S004,2023-01,P0166,129887.06103963852,2.6,2679,48.48,129.77,92.66,B
S004,2023-01,P0067,126683.82962636948,2.54,2683,47.22,133.61,95.2,C
S004,2023-01,P0171,126525.44891614915,2.53,2678,47.25,137.81,97.73,C
S004,2023-01,P0079,113169.19894638061,2.27,2280,49.64,125.23,100,C
S004,2023-02,P0061,219884.8801665306,4.83,4051,54.28,196.57,4.83,A
S004,2023-02,P0066,210771.81077957156,4.63,3573,58.99,173.54,9.46,A
S004,2023-02,P0133,210472.34414978029,4.62,3952,53.26,184.29,14.08,A
S004,2023-02,P0126,206310.83579435348,4.53,3844,53.67,187.43,18.61,A
S004,2023-02,P0178,197722.678676033,4.34,3747,52.77,181.61,22.96,A
S004,2023-02,P0069,197309.26458745004,4.33,4026,49.01,189.50,27.29,A
S004,2023-02,P0046,182844.45212168695,4.02,3486,52.45,173.68,31.31,A
S004,2023-02,P0016,181906.0805667877,4,3606,50.45,190.25,35.3,A
S004,2023-02,P0187,180379.71228284837,3.96,4015,44.93,189.82,39.27,A
S004,2023-02,P0057,176978.68282556534,3.89,3453,51.25,177.36,43.15,A
S004,2023-02,P0125,166693.18405084612,3.66,3233,51.56,162.50,46.81,A
S004,2023-02,P0083,159986.4350282669,3.51,3004,53.26,168.54,50.33,A
S004,2023-02,P0129,151229.653721714,3.32,2697,56.07,137.46,53.65,A
S004,2023-02,P0149,146515.2282777786,3.22,2724,53.79,159.71,56.87,A
S004,2023-02,P0017,144844.5159072876,3.18,2626,55.16,139.07,60.05,A
S004,2023-02,P0094,141565.26839571,3.11,2787,50.79,151.86,63.16,A
S004,2023-02,P0175,140680.98769121172,3.09,2607,53.96,140.82,66.25,A
S004,2023-02,P0171,137344.9234220505,3.02,2478,55.43,139.50,69.27,A
S004,2023-02,P0116,137225.53926734923,3.01,2760,49.72,149.68,72.28,A
S004,2023-02,P0159,131001.89271011353,2.88,2664,49.17,141.36,75.16,A
S004,2023-02,P0096,129236.34752264022,2.84,2557,50.54,141.18,78,A
S004,2023-02,P0070,128314.96584100723,2.82,2404,53.38,141.57,80.82,B
S004,2023-02,P0183,123719.16257991789,2.72,2449,50.52,145.14,83.53,B
S004,2023-02,P0085,115631.26379756926,2.54,2308,50.1,134.36,86.07,B
S004,2023-02,P0067,114275.19546871184,2.51,2487,45.95,137.96,88.58,B
S004,2023-02,P0079,113066.06085853577,2.48,2537,44.57,141.43,91.07,B
S004,2023-02,P0031,112511.12723731995,2.47,2386,47.15,135.36,93.54,B
S004,2023-02,P0153,99959.07890129091,2.2,2357,42.41,129.00,95.73,C
S004,2023-02,P0166,99903.11197752955,2.19,2648,37.73,140.07,97.93,C
S004,2023-02,P0068,94305.4841286659,2.07,2365,39.88,136.07,100,C
S004,2023-03,P0067,186241.7415298462,4.13,3109,59.9,149.19,4.13,A
S004,2023-03,P0046,182277.44517221447,4.05,3115,58.52,144.81,8.18,A
S004,2023-03,P0116,167943.51017360683,3.73,3027,55.48,138.58,11.91,A
S004,2023-03,P0016,167630.28799600597,3.72,3049,54.98,146.13,15.63,A
S004,2023-03,P0017,165284.1340270996,3.67,3049,54.21,145.55,19.3,A
S004,2023-03,P0083,164481.51315574645,3.65,2986,55.08,143.23,22.95,A
S004,2023-03,P0096,163389.89361257554,3.63,2936,55.65,143.65,26.57,A
S004,2023-03,P0153,161377.76672821044,3.58,3113,51.84,146.61,30.16,A
S004,2023-03,P0133,160554.16021671295,3.56,3140,51.13,141.35,33.72,A
S004,2023-03,P0187,160027.39699134824,3.55,2807,57.01,145.77,37.27,A
S004,2023-03,P0079,158910.68598685265,3.53,3189,49.83,160.48,40.8,A
S004,2023-03,P0126,155397.84534473417,3.45,2972,52.29,141.42,44.25,A
S004,2023-03,P0094,147936.3722823143,3.28,2978,49.68,135.35,47.53,A
S004,2023-03,P0149,146871.29687309265,3.26,2798,52.49,139.06,50.79,A
S004,2023-03,P0129,145839.86915664672,3.24,2650,55.03,130.84,54.03,A
S004,2023-03,P0066,144763.4520830631,3.21,2753,52.58,132.77,57.24,A
S004,2023-03,P0061,144519.49085989,3.21,2669,54.15,128.71,60.45,A
S004,2023-03,P0085,143394.69595956802,3.18,2628,54.56,134.65,63.63,A
S004,2023-03,P0178,142568.46371231083,3.16,2674,53.32,129.42,66.79,A
S004,2023-03,P0166,142083.40405273438,3.15,2973,47.79,143.03,69.95,A
S004,2023-03,P0125,142006.58670072554,3.15,3040,46.71,147.74,73.1,A
S004,2023-03,P0057,141796.13731675147,3.15,2756,51.45,136.00,76.25,A
S004,2023-03,P0068,140447.80633068085,3.12,2897,48.48,142.42,79.36,A
S004,2023-03,P0171,137239.86174087523,3.05,2628,52.22,140.84,82.41,B
S004,2023-03,P0070,137102.42984371187,3.04,2691,50.95,129.81,85.45,B
S004,2023-03,P0031,135975.52386426926,3.02,2865,47.46,138.65,88.47,B
S004,2023-03,P0159,134563.16547050475,2.99,2688,50.06,140.58,91.46,B
S004,2023-03,P0069,134457.08182311058,2.98,2977,45.17,144.84,94.44,B
S004,2023-03,P0175,130906.69726543427,2.91,2587,50.6,143.06,97.35,C
S004,2023-03,P0183,119456.38871040344,2.65,2670,44.74,140.06,100,C
S004,2023-04,P0096,191238.5158273697,4.39,3050,62.7,147.47,4.39,A
S004,2023-04,P0061,180955.8219932556,4.15,3145,57.54,154.77,8.55,A
S004,2023-04,P0046,176092.77231788635,4.04,3039,57.94,146.60,12.59,A
S004,2023-04,P0187,167374.4975692749,3.84,2886,58,149.83,16.43,A
S004,2023-04,P0153,161880.83136062624,3.72,3070,52.73,149.03,20.15,A
S004,2023-04,P0166,161151.83198852537,3.7,3032,53.15,159.17,23.85,A
S004,2023-04,P0175,157229.36505527498,3.61,2662,59.06,129.97,27.46,A
S004,2023-04,P0133,155143.00095801355,3.56,2873,54,159.07,31.02,A
S004,2023-04,P0094,150534.28914318082,3.46,2626,57.32,139.50,34.47,A
S004,2023-04,P0067,147402.38570413587,3.38,2540,58.03,135.90,37.86,A
S004,2023-04,P0031,146878.97046108247,3.37,2847,51.59,146.17,41.23,A
S004,2023-04,P0125,146263.67623958585,3.36,2762,52.96,140.27,44.59,A
S004,2023-04,P0016,144676.40899581907,3.32,3090,46.82,163.57,47.91,A
S004,2023-04,P0171,143718.3420586586,3.3,2592,55.45,137.33,51.21,A
S004,2023-04,P0178,143437.14663476945,3.29,2830,50.68,155.97,54.5,A
S004,2023-04,P0116,141946.96021757124,3.26,2767,51.3,142.80,57.76,A
S004,2023-04,P0068,141587.9381669998,3.25,2593,54.6,127.17,61.01,A
S004,2023-04,P0066,139603.71655445098,3.21,3214,43.44,158.20,64.22,A
S004,2023-04,P0079,138337.45478811266,3.18,2849,48.56,146.80,67.39,A
S004,2023-04,P0069,138199.27668857577,3.17,2623,52.69,141.33,70.57,A
S004,2023-04,P0083,135186.8632286072,3.1,2488,54.34,136.93,73.67,A
S004,2023-04,P0070,134395.09228334427,3.09,2739,49.07,144.27,76.76,A
S004,2023-04,P0057,133792.5607307434,3.07,2960,45.2,149.10,79.83,A
S004,2023-04,P0183,132830.91641168593,3.05,2683,49.51,128.20,82.88,B
S004,2023-04,P0126,128737.98238830568,2.96,2883,44.65,146.47,85.83,B
S004,2023-04,P0017,127717.02005062102,2.93,2931,43.57,150.97,88.77,B
S004,2023-04,P0129,126717.42941317559,2.91,2333,54.32,127.67,91.67,B
S004,2023-04,P0159,125229.12494144437,2.88,2615,47.89,138.87,94.55,B
S004,2023-04,P0149,120290.83235797884,2.76,2474,48.62,136.77,97.31,C
S004,2023-04,P0085,117087.82023305891,2.69,2689,43.54,137.07,100,C
S004,2023-05,P0094,187326.25833711622,4.21,3805,49.23,165.97,4.21,A
S004,2023-05,P0166,186123.93474636078,4.18,3770,49.37,177.23,8.39,A
S004,2023-05,P0129,180203.8001242161,4.05,3166,56.92,162.77,12.44,A
S004,2023-05,P0069,171109.08019971848,3.85,3148,54.35,155.97,16.29,A
S004,2023-05,P0067,170131.74564170837,3.82,3176,53.57,148.68,20.11,A
S004,2023-05,P0187,166724.5526945114,3.75,3151,52.91,157.65,23.86,A
S004,2023-05,P0116,160888.17229309079,3.62,2918,55.14,136.87,27.48,A
S004,2023-05,P0133,158185.16245002748,3.56,3244,48.76,154.84,31.03,A
S004,2023-05,P0083,155864.72110099794,3.5,3039,51.29,146.06,34.54,A
S004,2023-05,P0178,154288.45550131798,3.47,2874,53.68,147.42,38,A
S004,2023-05,P0079,154049.52498865128,3.46,3105,49.61,146.03,41.47,A
S004,2023-05,P0046,151798.6680240631,3.41,3034,50.03,136.26,44.88,A
S004,2023-05,P0153,151214.39401626587,3.4,2935,51.52,138.87,48.28,A
S004,2023-05,P0183,150319.63680095674,3.38,2806,53.57,136.29,51.65,A
S004,2023-05,P0159,149523.57414054876,3.36,2731,54.75,137.94,55.02,A
S004,2023-05,P0125,147065.54199419022,3.31,2836,51.86,139.65,58.32,A
S004,2023-05,P0031,146340.9410490036,3.29,3025,48.38,148.61,61.61,A
S004,2023-05,P0068,146121.81508941652,3.28,3073,47.55,148.26,64.89,A
S004,2023-05,P0017,145732.43496036527,3.28,2949,49.42,144.35,68.17,A
S004,2023-05,P0061,143619.67362241747,3.23,2711,52.98,143.26,71.4,A
S004,2023-05,P0085,141661.63854007723,3.18,2757,51.38,137.42,74.58,A
S004,2023-05,P0057,140277.3779950142,3.15,2844,49.32,136.81,77.73,A
S004,2023-05,P0126,133821.01656131746,3.01,2798,47.83,142.71,80.74,B
S004,2023-05,P0149,133241.89790005682,2.99,2764,48.21,150.19,83.74,B
S004,2023-05,P0066,128148.32516603469,2.88,2953,43.4,146.39,86.62,B
S004,2023-05,P0016,124149.88632221222,2.79,2901,42.8,145.90,89.41,B
S004,2023-05,P0175,123806.66503448485,2.78,2435,50.84,117.45,92.19,B
S004,2023-05,P0070,120110.97006106378,2.7,2552,47.07,127.71,94.89,B
S004,2023-05,P0171,119312.5850491524,2.68,2609,45.73,131.52,97.57,C
S004,2023-05,P0096,108079.40494470597,2.43,2561,42.2,141.65,100,C
S004,2023-06,P0094,218205.7538690567,4.91,3857,56.57,180.97,4.91,A
S004,2023-06,P0166,182098.22798719408,4.1,3649,49.9,175.77,9.02,A
S004,2023-06,P0079,180529.96079807283,4.07,3084,58.54,149.60,13.08,A
S004,2023-06,P0057,176304.84258995054,3.97,3092,57.02,159.87,17.05,A
S004,2023-06,P0085,163818.361664772,3.69,2757,59.42,148.10,20.74,A
S004,2023-06,P0125,163470.6109506607,3.68,3152,51.86,149.53,24.42,A
S004,2023-06,P0061,159812.97432236673,3.6,2853,56.02,147.57,28.02,A
S004,2023-06,P0017,159553.29064264297,3.59,3012,52.97,148.67,31.62,A
S004,2023-06,P0067,157902.27534036638,3.56,2792,56.56,146.37,35.17,A
S004,2023-06,P0066,154640.552631855,3.48,2860,54.07,136.77,38.66,A
S004,2023-06,P0116,152541.2592476845,3.44,2881,52.95,140.77,42.09,A
S004,2023-06,P0126,152422.99398727412,3.43,2725,55.94,135.63,45.53,A
S004,2023-06,P0046,149667.10740842822,3.37,2892,51.75,153.53,48.9,A
S004,2023-06,P0069,148877.98776330947,3.35,2548,58.43,136.63,52.25,A
S004,2023-06,P0070,144831.10362243655,3.26,2903,49.89,151.40,55.51,A
S004,2023-06,P0083,143139.81751441958,3.22,2804,51.05,144.97,58.74,A
S004,2023-06,P0171,139645.4232523918,3.15,2742,50.93,135.23,61.88,A
S004,2023-06,P0149,138449.07659368514,3.12,2904,47.68,143.90,65,A
S004,2023-06,P0153,138151.15444478986,3.11,2709,51,135.03,68.11,A
S004,2023-06,P0031,138102.1058330536,3.11,2610,52.91,135.83,71.22,A
S004,2023-06,P0187,136319.80845036506,3.07,3074,44.35,155.70,74.29,A
S004,2023-06,P0159,134551.5363471985,3.03,2643,50.91,143.13,77.32,A
S004,2023-06,P0016,133727.9358510971,3.01,3074,43.5,146.10,80.33,B
S004,2023-06,P0129,133459.54348392488,3.01,2747,48.58,147.63,83.34,B
S004,2023-06,P0183,132971.75204696655,2.99,2564,51.86,135.50,86.34,B
S004,2023-06,P0096,132771.28425064086,2.99,3077,43.15,152.60,89.33,B
S004,2023-06,P0178,128445.76505708696,2.89,2856,44.97,137.67,92.22,B
S004,2023-06,P0133,122168.62429327963,2.75,2449,49.89,130.03,94.97,B
S004,2023-06,P0068,116790.17569417955,2.63,2724,42.87,128.70,97.6,C
S004,2023-06,P0175,106531.3487405777,2.4,2534,42.04,135.07,100,C
S004,2023-07,P0166,202467.55284814836,4.51,4141,48.89,182.00,4.51,A
S004,2023-07,P0187,183239.56377668385,4.09,3357,54.58,155.52,8.6,A
S004,2023-07,P0094,182593.69109697343,4.07,3492,52.29,164.94,12.67,A
S004,2023-07,P0067,179928.92779707906,4.01,3289,54.71,156.90,16.68,A
S004,2023-07,P0149,174193.20731563566,3.88,3311,52.61,144.84,20.57,A
S004,2023-07,P0066,170165.10890369417,3.79,2911,58.46,146.00,24.36,A
S004,2023-07,P0133,167221.63159656525,3.73,3019,55.39,145.39,28.09,A
S004,2023-07,P0126,161901.34615736007,3.61,3109,52.08,145.42,31.7,A
S004,2023-07,P0068,160052.9769229889,3.57,2868,55.81,143.26,35.27,A
S004,2023-07,P0046,156353.25029006004,3.49,3107,50.32,143.84,38.75,A
S004,2023-07,P0017,155696.216932106,3.47,3001,51.88,144.19,42.22,A
S004,2023-07,P0069,155154.0168003082,3.46,2832,54.79,139.81,45.68,A
S004,2023-07,P0153,154823.22528791425,3.45,2937,52.71,141.03,49.13,A
S004,2023-07,P0178,152901.4767636299,3.41,3076,49.71,139.77,52.54,A
S004,2023-07,P0083,150372.4379713059,3.35,2878,52.25,148.90,55.9,A
S004,2023-07,P0116,149915.28328495022,3.34,2936,51.06,141.97,59.24,A
S004,2023-07,P0171,147617.01871023182,3.29,3028,48.75,149.84,62.53,A
S004,2023-07,P0125,146231.38343372341,3.26,3147,46.47,147.26,65.79,A
S004,2023-07,P0079,140744.86385726932,3.14,3094,45.49,145.06,68.93,A
S004,2023-07,P0061,138539.33734350203,3.09,3078,45.01,147.42,72.02,A
S004,2023-07,P0129,135265.7503265381,3.02,2759,49.03,144.06,75.03,A
S004,2023-07,P0183,135254.41065731048,3.02,2925,46.24,136.52,78.05,A
S004,2023-07,P0057,132522.521521616,2.95,2812,47.13,143.84,81,B
S004,2023-07,P0175,131865.2577692032,2.94,2720,48.48,139.94,83.94,B
S004,2023-07,P0096,131367.46607241628,2.93,3032,43.33,156.87,86.87,B
S004,2023-07,P0016,128707.15469865798,2.87,2640,48.75,138.35,89.74,B
S004,2023-07,P0159,119377.45118188857,2.66,2475,48.23,122.45,92.4,B
S004,2023-07,P0085,118367.1623983383,2.64,2609,45.37,141.26,95.04,C
S004,2023-07,P0070,116510.3960800171,2.6,2337,49.85,121.81,97.64,C
S004,2023-07,P0031,105845.62048196793,2.36,2590,40.87,133.29,100,C
S004,2023-08,P0171,177594.46449184418,4.09,3273,54.26,159.81,4.09,A
S004,2023-08,P0085,169466.58967990873,3.9,2956,57.33,144.52,7.98,A
S004,2023-08,P0094,169261.10513954159,3.89,3292,51.42,152.58,11.88,A
S004,2023-08,P0183,164169.10956211088,3.78,2717,60.42,136.32,15.66,A
S004,2023-08,P0125,162495.30436410903,3.74,3073,52.88,144.42,19.39,A
S004,2023-08,P0031,161692.64073238365,3.72,2991,54.06,145.94,23.11,A
S004,2023-08,P0133,160515.22491712568,3.69,3079,52.13,153.81,26.81,A
S004,2023-08,P0129,155453.23408756254,3.58,2781,55.9,132.35,30.38,A
S004,2023-08,P0178,154584.95807857512,3.56,3114,49.64,143.87,33.94,A
S004,2023-08,P0057,151980.88056020736,3.5,2977,51.05,136.00,37.44,A
S004,2023-08,P0016,148340.39777679442,3.41,2693,55.08,137.74,40.85,A
S004,2023-08,P0068,147751.6107688904,3.4,2771,53.32,135.42,44.25,A
S004,2023-08,P0061,145693.80329017638,3.35,2531,57.56,126.87,47.6,A
S004,2023-08,P0153,145605.74545545582,3.35,2889,50.4,135.74,50.95,A
S004,2023-08,P0079,144715.10865550043,3.33,2876,50.32,136.29,54.28,A
S004,2023-08,P0175,141898.0011236668,3.26,2941,48.25,148.97,57.54,A
S004,2023-08,P0070,139876.16297440528,3.22,2922,47.87,143.13,60.76,A
S004,2023-08,P0149,136309.27932424546,3.14,2722,50.08,128.84,63.9,A
S004,2023-08,P0069,134891.32773666384,3.1,2626,51.37,129.87,67,A
S004,2023-08,P0046,133515.5020956993,3.07,3084,43.29,146.35,70.07,A
S004,2023-08,P0096,132977.90677933692,3.06,2638,50.41,141.77,73.13,A
S004,2023-08,P0187,132503.99722194672,3.05,2696,49.15,132.84,76.18,A
S004,2023-08,P0166,132467.23373641967,3.05,2691,49.23,135.81,79.23,A
S004,2023-08,P0067,132178.3373201847,3.04,2846,46.44,132.61,82.27,B
S004,2023-08,P0126,131882.15877771375,3.03,2776,47.51,136.00,85.3,B
S004,2023-08,P0116,130341.12413272858,3,2966,43.95,142.61,88.3,B
S004,2023-08,P0083,130214.63715882301,3,2548,51.1,133.77,91.3,B
S004,2023-08,P0159,128324.23017635348,2.95,2688,47.74,136.77,94.25,B
S004,2023-08,P0017,125265.5653143883,2.88,2666,46.99,145.65,97.13,C
S004,2023-08,P0066,124591.35549068452,2.87,2646,47.09,133.94,100,C
S004,2023-09,P0129,177429.09720802307,4.11,3027,58.62,142.67,4.11,A
S004,2023-09,P0079,174841.9484025955,4.05,3342,52.32,165.33,8.17,A
S004,2023-09,P0066,161697.5881378174,3.75,2794,57.87,143.00,11.92,A
S004,2023-09,P0183,160479.95196752547,3.72,2610,61.49,138.93,15.64,A
S004,2023-09,P0166,157967.19477701184,3.66,2887,54.72,148.97,19.31,A
S004,2023-09,P0116,157679.19192266467,3.66,2959,53.29,150.93,22.96,A
S004,2023-09,P0125,153666.76265149115,3.56,3004,51.15,149.70,26.53,A
S004,2023-09,P0126,153576.51868667605,3.56,2944,52.17,148.77,30.09,A
S004,2023-09,P0046,153337.84394836426,3.56,2683,57.15,141.40,33.64,A
S004,2023-09,P0133,151237.41477851867,3.51,2817,53.69,153.40,37.15,A
S004,2023-09,P0094,148004.7339881897,3.43,2710,54.61,140.00,40.58,A
S004,2023-09,P0069,147713.92354621887,3.43,2990,49.4,151.67,44.01,A
S004,2023-09,P0061,146702.72864036565,3.4,2768,53,138.57,47.41,A
S004,2023-09,P0096,145177.6073896408,3.37,2697,53.83,137.07,50.78,A
S004,2023-09,P0178,145133.3656580925,3.37,2826,51.36,145.97,54.15,A
S004,2023-09,P0016,144982.66780700683,3.36,2754,52.64,135.80,57.51,A
S004,2023-09,P0159,143094.61459512706,3.32,2689,53.21,135.90,60.83,A
S004,2023-09,P0083,142481.29984722135,3.3,2914,48.9,148.13,64.13,A
S004,2023-09,P0085,141585.95235033036,3.28,2711,52.23,142.67,67.41,A
S004,2023-09,P0067,140096.8161450386,3.25,2731,51.3,136.67,70.66,A
S004,2023-09,P0149,139988.39252223968,3.25,2789,50.19,143.83,73.91,A
S004,2023-09,P0153,135862.84781751633,3.15,2677,50.75,141.97,77.06,A
S004,2023-09,P0187,132625.6050947189,3.08,2804,47.3,141.97,80.14,B
S004,2023-09,P0175,132501.7296775341,3.07,2610,50.77,129.87,83.21,B
S004,2023-09,P0171,131706.39158034325,3.05,2553,51.59,140.20,86.26,B
S004,2023-09,P0031,130749.46432943344,3.03,2587,50.54,137.37,89.3,B
S004,2023-09,P0057,122935.80816941262,2.85,3092,39.76,145.33,92.15,B
S004,2023-09,P0017,120354.4454214096,2.79,2758,43.64,143.60,94.94,B
S004,2023-09,P0070,110901.58042755128,2.57,2440,45.45,132.27,97.51,C
S004,2023-09,P0068,107322.41580333709,2.49,2337,45.92,126.57,100,C
S004,2023-10,P0166,201433.27897949217,4.66,3182,63.3,149.29,4.66,A
S004,2023-10,P0116,188889.0509335518,4.37,3112,60.7,149.94,9.04,A
S004,2023-10,P0175,174400.61025953293,4.04,3019,57.77,146.06,13.08,A
S004,2023-10,P0061,169165.62777500154,3.92,3086,54.82,156.97,16.99,A
S004,2023-10,P0016,168876.48604011533,3.91,3155,53.53,151.90,20.91,A
S004,2023-10,P0017,163152.40512247084,3.78,3206,50.89,156.16,24.68,A
S004,2023-10,P0066,159325.76020498277,3.69,3276,48.63,156.81,28.37,A
S004,2023-10,P0085,156519.1563425064,3.62,2965,52.79,151.97,32,A
S004,2023-10,P0069,155641.22538781166,3.6,3104,50.14,144.61,35.6,A
S004,2023-10,P0133,148798.24125156403,3.45,2935,50.7,139.97,39.05,A
S004,2023-10,P0171,145403.29232234956,3.37,2946,49.36,136.71,42.42,A
S004,2023-10,P0094,142859.57031369206,3.31,2657,53.77,123.52,45.72,A
S004,2023-10,P0083,142078.65387363432,3.29,3142,45.22,151.58,49.01,A
S004,2023-10,P0067,139467.60194454197,3.23,2663,52.37,131.06,52.24,A
S004,2023-10,P0070,138483.51524639133,3.21,2900,47.75,146.03,55.45,A
S004,2023-10,P0187,138180.23955717086,3.2,2737,50.49,141.13,58.65,A
S004,2023-10,P0183,137869.47028484344,3.19,2761,49.93,144.13,61.84,A
S004,2023-10,P0046,137738.26936807635,3.19,2852,48.3,141.29,65.03,A
S004,2023-10,P0126,137715.78992719649,3.19,2569,53.61,121.19,68.22,A
S004,2023-10,P0096,134284.66405568126,3.11,2603,51.59,127.10,71.33,A
S004,2023-10,P0153,132033.8703590393,3.06,2694,49.01,142.84,74.39,A
S004,2023-10,P0068,128759.20353755954,2.98,2800,45.99,149.81,77.37,A
S004,2023-10,P0129,128188.84384613037,2.97,2693,47.6,133.84,80.34,B
S004,2023-10,P0149,127892.36662659646,2.96,2895,44.18,139.35,83.3,B
S004,2023-10,P0057,126439.37147045137,2.93,2851,44.35,135.87,86.23,B
S004,2023-10,P0125,125678.22766308785,2.91,2806,44.79,146.52,89.14,B
S004,2023-10,P0031,120304.21200981141,2.79,2795,43.04,140.26,91.93,B
S004,2023-10,P0079,120174.92368488312,2.78,2604,46.15,135.84,94.71,B
S004,2023-10,P0159,119673.5152340889,2.77,2928,40.87,144.00,97.48,C
S004,2023-10,P0178,108838.5534837723,2.52,2453,44.37,138.58,100,C
S004,2023-11,P0178,244780.34146471025,5.21,4120,59.41,174.57,5.21,A
S004,2023-11,P0016,225798.02175655367,4.81,4080,55.34,179.27,10.02,A
S004,2023-11,P0133,224531.52820501328,4.78,4163,53.94,197.07,14.81,A
S004,2023-11,P0125,221095.52855062485,4.71,4157,53.19,186.87,19.52,A
S004,2023-11,P0066,209278.22468128207,4.46,4032,51.9,178.67,23.98,A
S004,2023-11,P0187,208329.3141283035,4.44,4485,46.45,200.63,28.41,A
S004,2023-11,P0069,194200.73238177298,4.14,3681,52.76,165.63,32.55,A
S004,2023-11,P0057,184336.69283895494,3.93,3811,48.37,167.37,36.48,A
S004,2023-11,P0046,176238.7523525238,3.75,3452,51.05,161.27,40.23,A
S004,2023-11,P0061,169355.46861305233,3.61,3463,48.9,165.07,43.84,A
S004,2023-11,P0126,161609.7637041092,3.44,3721,43.43,174.40,47.28,A
S004,2023-11,P0079,153167.9057649612,3.26,2942,52.06,137.00,50.55,A
S004,2023-11,P0159,153149.6736086845,3.26,2802,54.66,134.43,53.81,A
S004,2023-11,P0171,147973.977576828,3.15,2593,57.07,141.77,56.96,A
S004,2023-11,P0166,144088.2684194565,3.07,2919,49.36,143.83,60.03,A
S004,2023-11,P0070,141706.86114873886,3.02,2607,54.36,137.23,63.05,A
S004,2023-11,P0175,136735.96263713838,2.91,2741,49.89,146.60,65.96,A
S004,2023-11,P0031,135974.73357219697,2.9,2610,52.1,132.03,68.86,A
S004,2023-11,P0149,135619.80603313446,2.89,2582,52.53,137.37,71.75,A
S004,2023-11,P0067,135417.00908269882,2.88,2466,54.91,127.37,74.63,A
S004,2023-11,P0096,131874.2744358063,2.81,2678,49.24,130.27,77.44,A
S004,2023-11,P0183,128880.73037643434,2.75,2616,49.27,143.40,80.19,B
S004,2023-11,P0129,127531.47357168197,2.72,2579,49.45,130.17,82.91,B
S004,2023-11,P0083,124661.26621179581,2.66,2710,46,131.40,85.56,B
S004,2023-11,P0153,124228.86498203278,2.65,2912,42.66,131.87,88.21,B
S004,2023-11,P0085,123869.84262723924,2.64,2784,44.49,137.27,90.85,B
S004,2023-11,P0017,119828.42944288252,2.55,2679,44.73,135.83,93.4,B
S004,2023-11,P0068,114867.14806575776,2.45,2340,49.09,133.17,95.85,C
S004,2023-11,P0094,99922.92443346977,2.13,2267,44.08,119.43,97.98,C
S004,2023-11,P0116,95033.60921545028,2.02,2345,40.53,127.00,100,C
S004,2023-12,P0046,234138.7472714901,4.69,4226,55.4,187.58,4.69,A
S004,2023-12,P0125,223261.8898296356,4.47,4122,54.16,185.90,9.16,A
S004,2023-12,P0126,222117.07415924073,4.45,4011,55.38,171.84,13.6,A
S004,2023-12,P0066,221668.5918828011,4.44,4047,54.77,195.55,18.04,A
S004,2023-12,P0178,217512.35815696715,4.35,4182,52.01,188.19,22.39,A
S004,2023-12,P0069,209080.65517063142,4.19,4125,50.69,189.84,26.58,A
S004,2023-12,P0057,207467.8092224121,4.15,4158,49.9,181.00,30.73,A
S004,2023-12,P0016,201212.93816671375,4.03,3947,50.98,174.16,34.76,A
S004,2023-12,P0061,200199.92143039702,4.01,4068,49.21,189.61,38.77,A
S004,2023-12,P0187,200148.03594603538,4.01,3981,50.28,169.61,42.77,A
S004,2023-12,P0083,167324.8002925873,3.35,2937,56.97,141.90,46.12,A
S004,2023-12,P0133,164653.64660215378,3.3,3628,45.38,164.19,49.42,A
S004,2023-12,P0079,158207.90055384632,3.17,2970,53.27,133.68,52.59,A
S004,2023-12,P0159,154863.92507271765,3.1,2907,53.27,139.29,55.69,A
S004,2023-12,P0175,154205.49080395696,3.09,2990,51.57,149.65,58.77,A
S004,2023-12,P0116,154008.253498745,3.08,3368,45.73,155.19,61.86,A
S004,2023-12,P0166,153117.8749243736,3.07,2916,52.51,146.06,64.92,A
S004,2023-12,P0068,150792.6483922005,3.02,2976,50.67,142.87,67.94,A
S004,2023-12,P0067,146858.69051609043,2.94,2909,50.48,147.45,70.88,A
S004,2023-12,P0031,145033.05409622192,2.9,2744,52.85,132.90,73.78,A
S004,2023-12,P0096,143786.6736228943,2.88,3029,47.47,150.71,76.66,A
S004,2023-12,P0153,141627.7021274567,2.84,2694,52.57,132.81,79.5,A
S004,2023-12,P0171,136379.58899250033,2.73,2529,53.93,136.48,82.23,B
S004,2023-12,P0129,134700.44725856782,2.7,2734,49.27,136.94,84.92,B
S004,2023-12,P0085,131711.5943950653,2.64,2561,51.43,126.32,87.56,B
S004,2023-12,P0149,130436.2333176613,2.61,2753,47.38,136.68,90.17,B
S004,2023-12,P0094,126646.73856568335,2.54,2797,45.28,151.16,92.71,B
S004,2023-12,P0070,123447.70192680357,2.47,2591,47.64,127.00,95.18,C
S004,2023-12,P0017,121689.39772849082,2.44,2928,41.56,142.81,97.61,C
S004,2023-12,P0183,119191.13461027146,2.39,2596,45.91,137.84,100,C
S005,2022-01,P0125,256922.0890929222,5.01,4212,61,199.55,5.01,A
S005,2022-01,P0126,241372.2960364342,4.71,4114,58.67,179.16,9.72,A
S005,2022-01,P0046,236264.27560548784,4.61,3983,59.32,177.58,14.32,A
S005,2022-01,P0133,228439.73463964462,4.45,3849,59.35,177.23,18.78,A
S005,2022-01,P0057,223217.38241291043,4.35,3697,60.38,168.55,23.13,A
S005,2022-01,P0061,217990.77713537216,4.25,4234,51.49,182.29,27.38,A
S005,2022-01,P0178,217612.3054240227,4.24,4332,50.23,200.58,31.63,A
S005,2022-01,P0069,203424.18450908666,3.97,3788,53.7,164.81,35.59,A
S005,2022-01,P0187,189928.5026456833,3.7,4089,46.45,173.74,39.3,A
S005,2022-01,P0017,186359.08028717042,3.63,3204,58.16,145.55,42.93,A
S005,2022-01,P0066,179876.41980752946,3.51,4022,44.72,177.39,46.44,A
S005,2022-01,P0016,177084.2553847313,3.45,3604,49.14,165.81,49.89,A
S005,2022-01,P0094,170963.19057054515,3.33,3147,54.33,147.10,53.22,A
S005,2022-01,P0085,170798.4065999985,3.33,2846,60.01,133.39,56.55,A
S005,2022-01,P0083,165789.9619873047,3.23,2749,60.31,142.48,59.79,A
S005,2022-01,P0171,165365.24262685774,3.22,2952,56.02,149.84,63.01,A
S005,2022-01,P0129,155247.55074748994,3.03,3189,48.68,156.77,66.04,A
S005,2022-01,P0149,151239.84933662417,2.95,2900,52.15,141.29,68.99,A
S005,2022-01,P0067,147253.04642610552,2.87,2689,54.76,133.00,71.86,A
S005,2022-01,P0116,145524.26238689423,2.84,2914,49.94,138.90,74.7,A
S005,2022-01,P0070,140806.65926809312,2.75,2492,56.5,130.74,77.44,A
S005,2022-01,P0096,140163.6101073265,2.73,2740,51.15,144.06,80.18,B
S005,2022-01,P0068,140123.28686676023,2.73,2557,54.8,132.74,82.91,B
S005,2022-01,P0079,139949.9839067459,2.73,2690,52.03,136.87,85.64,B
S005,2022-01,P0183,139347.34702515602,2.72,2860,48.72,137.87,88.36,B
S005,2022-01,P0175,130506.0451795578,2.54,2641,49.42,120.16,90.9,B
S005,2022-01,P0153,129020.69756069183,2.52,3155,40.89,153.55,93.42,B
S005,2022-01,P0159,122921.6437113762,2.4,2575,47.74,142.84,95.81,C
S005,2022-01,P0031,109615.5683186531,2.14,2496,43.92,132.16,97.95,C
S005,2022-01,P0166,105118.94443197253,2.05,2730,38.51,131.68,100,C
S005,2022-02,P0061,232386.8152440548,5.22,3584,64.84,180.54,5.22,A
S005,2022-02,P0125,204911.1369810104,4.6,3398,60.3,165.11,9.82,A
S005,2022-02,P0187,194849.6088388443,4.38,3710,52.52,174.57,14.2,A
S005,2022-02,P0069,183368.78851776125,4.12,3559,51.52,169.00,18.32,A
S005,2022-02,P0133,176024.3124958992,3.95,3462,50.84,168.43,22.28,A
S005,2022-02,P0178,165751.8620248795,3.72,3711,44.67,178.93,26,A
S005,2022-02,P0096,163504.05584201813,3.67,2691,60.76,148.86,29.67,A
S005,2022-02,P0149,163493.07930927273,3.67,2915,56.09,158.32,33.34,A
S005,2022-02,P0066,160671.7892576218,3.61,3502,45.88,177.25,36.95,A
S005,2022-02,P0083,160354.5898209572,3.6,2724,58.87,145.57,40.56,A
S005,2022-02,P0126,157828.39927692412,3.55,3560,44.33,183.00,44.1,A
S005,2022-02,P0016,153656.81619520186,3.45,3639,42.23,174.68,47.55,A
S005,2022-02,P0079,150136.82424411774,3.37,2614,57.44,146.82,50.93,A
S005,2022-02,P0057,150077.50016822814,3.37,3635,41.29,175.54,54.3,A
S005,2022-02,P0017,139596.16462383268,3.14,2402,58.12,133.00,57.43,A
S005,2022-02,P0183,136931.77704811096,3.08,2377,57.61,135.46,60.51,A
S005,2022-02,P0166,136839.7386013031,3.07,2455,55.74,117.68,63.58,A
S005,2022-02,P0046,131582.71630039217,2.96,2954,44.54,150.14,66.54,A
S005,2022-02,P0159,129826.00353403093,2.92,2365,54.89,128.04,69.46,A
S005,2022-02,P0175,129775.39432630541,2.92,2411,53.83,130.32,72.37,A
S005,2022-02,P0067,128337.13362412453,2.88,2730,47.01,145.79,75.26,A
S005,2022-02,P0129,127473.74013528824,2.86,2538,50.23,140.64,78.12,A
S005,2022-02,P0031,126363.66907138824,2.84,2644,47.79,143.93,80.96,B
S005,2022-02,P0153,124969.0874991417,2.81,2320,53.87,134.79,83.77,B
S005,2022-02,P0070,123626.99331669808,2.78,2281,54.2,136.07,86.54,B
S005,2022-02,P0068,122556.61175403596,2.75,2468,49.66,131.75,89.3,B
S005,2022-02,P0085,121184.13272714615,2.72,2659,45.58,143.57,92.02,B
S005,2022-02,P0171,119944.13264188766,2.69,2502,47.94,129.57,94.71,B
S005,2022-02,P0116,119609.12998085022,2.69,2568,46.58,137.11,97.4,C
S005,2022-02,P0094,115716.67066965102,2.6,2650,43.67,149.25,100,C
S005,2022-03,P0178,170779.65503416062,4,3166,53.94,147.61,4,A
S005,2022-03,P0057,166691.479526329,3.91,3208,51.96,154.13,7.91,A
S005,2022-03,P0125,161894.54220094683,3.79,3136,51.62,149.61,11.7,A
S005,2022-03,P0079,160277.75377402306,3.76,3083,51.99,144.06,15.46,A
S005,2022-03,P0085,158950.4439679146,3.73,2790,56.97,142.45,19.19,A
S005,2022-03,P0046,156741.67630138397,3.67,2892,54.2,141.94,22.86,A
S005,2022-03,P0094,154997.61025304793,3.63,2858,54.23,139.48,26.49,A
S005,2022-03,P0166,149085.30485954284,3.49,3056,48.78,144.19,29.99,A
S005,2022-03,P0187,147071.7226746559,3.45,2952,49.82,151.26,33.44,A
S005,2022-03,P0067,146218.90408420563,3.43,2962,49.36,143.55,36.86,A
S005,2022-03,P0153,146089.90419731138,3.42,2730,53.51,137.06,40.29,A
S005,2022-03,P0149,144472.14964532852,3.39,2682,53.87,132.55,43.67,A
S005,2022-03,P0017,143457.9598192215,3.36,2995,47.9,141.13,47.04,A
S005,2022-03,P0031,142771.51992464066,3.35,2711,52.66,123.65,50.38,A
S005,2022-03,P0016,140529.92146406174,3.29,2904,48.39,144.71,53.68,A
S005,2022-03,P0126,140130.7961194515,3.28,2762,50.74,144.00,56.96,A
S005,2022-03,P0061,140066.277809906,3.28,2970,47.16,143.58,60.24,A
S005,2022-03,P0070,139937.39383296968,3.28,2550,54.88,131.19,63.52,A
S005,2022-03,P0068,139065.45569238663,3.26,2769,50.22,136.48,66.78,A
S005,2022-03,P0129,136482.96627206798,3.2,3091,44.15,136.00,69.98,A
S005,2022-03,P0133,136307.3320418358,3.19,2764,49.32,136.42,73.18,A
S005,2022-03,P0171,135250.47113604544,3.17,2594,52.14,131.94,76.35,A
S005,2022-03,P0083,134980.43398237228,3.16,3181,42.43,152.35,79.51,A
S005,2022-03,P0069,133881.59634532928,3.14,2635,50.81,123.87,82.65,B
S005,2022-03,P0175,133382.41960277557,3.13,2746,48.57,132.00,85.78,B
S005,2022-03,P0096,131824.53979649543,3.09,2928,45.02,141.35,88.87,B
S005,2022-03,P0159,130265.19214553831,3.05,2540,51.29,125.77,91.92,B
S005,2022-03,P0183,124474.32826766967,2.92,2852,43.64,124.10,94.84,B
S005,2022-03,P0066,116618.75763335229,2.73,2621,44.49,133.97,97.57,C
S005,2022-03,P0116,103607.7150276184,2.43,2632,39.36,125.90,100,C
S005,2022-04,P0057,169349.63744144439,4.06,2977,56.89,139.93,4.06,A
S005,2022-04,P0094,163488.1537018776,3.92,2820,57.97,141.13,7.98,A
S005,2022-04,P0061,155330.52472343447,3.73,2766,56.16,133.20,11.71,A
S005,2022-04,P0017,154690.09779334068,3.71,2919,52.99,143.60,15.42,A
S005,2022-04,P0175,154259.17505550385,3.7,2924,52.76,151.30,19.12,A
S005,2022-04,P0066,151339.67825012206,3.63,2944,51.41,140.47,22.75,A
S005,2022-04,P0153,149840.7184860706,3.59,2765,54.19,139.23,26.35,A
S005,2022-04,P0083,149319.4446131706,3.58,2910,51.31,144.60,29.93,A
S005,2022-04,P0183,148220.8200867653,3.56,2678,55.35,136.43,33.49,A
S005,2022-04,P0046,146791.86025366784,3.52,2564,57.25,130.83,37.01,A
S005,2022-04,P0079,146542.03564014434,3.52,2806,52.22,140.03,40.52,A
S005,2022-04,P0116,144727.24354228974,3.47,2750,52.63,141.30,43.99,A
S005,2022-04,P0070,144225.94794006346,3.46,2513,57.39,132.13,47.45,A
S005,2022-04,P0129,141923.68271074296,3.4,2702,52.53,136.87,50.86,A
S005,2022-04,P0125,141123.4498167038,3.39,2681,52.64,139.43,54.24,A
S005,2022-04,P0069,141020.73492183685,3.38,3088,45.67,161.00,57.63,A
S005,2022-04,P0067,140275.68614873887,3.37,2979,47.09,137.93,60.99,A
S005,2022-04,P0031,139517.49472990033,3.35,2615,53.35,132.40,64.34,A
S005,2022-04,P0096,139284.66571302412,3.34,2481,56.14,131.80,67.68,A
S005,2022-04,P0133,133410.94438114166,3.2,2723,48.99,134.77,70.88,A
S005,2022-04,P0166,131746.03856296538,3.16,2604,50.59,143.37,74.04,A
S005,2022-04,P0126,129624.39928016665,3.11,2640,49.1,134.07,77.15,A
S005,2022-04,P0159,129171.93609428404,3.1,2490,51.88,124.10,80.25,B
S005,2022-04,P0149,126644.06437101366,3.04,2575,49.18,146.40,83.29,B
S005,2022-04,P0016,123379.091461277,2.96,2687,45.92,140.97,86.25,B
S005,2022-04,P0187,120812.7238887787,2.9,2673,45.2,134.33,89.15,B
S005,2022-04,P0178,115466.68842563631,2.77,2333,49.49,126.33,91.92,B
S005,2022-04,P0085,114558.0789885521,2.75,2505,45.73,133.30,94.67,B
S005,2022-04,P0171,113277.76893877985,2.72,2358,48.04,130.10,97.38,C
S005,2022-04,P0068,109099.80262317658,2.62,2368,46.07,128.23,100,C
S005,2022-05,P0166,187471.21159629824,4.19,3617,51.83,167.45,4.19,A
S005,2022-05,P0079,176777.56398124693,3.95,2807,62.98,139.03,8.14,A
S005,2022-05,P0066,169328.00740375518,3.79,2825,59.94,140.90,11.93,A
S005,2022-05,P0153,167337.9821087837,3.74,2964,56.46,148.03,15.67,A
S005,2022-05,P0017,162846.026175642,3.64,2991,54.45,131.61,19.31,A
S005,2022-05,P0149,162529.44009847636,3.63,2944,55.21,140.71,22.94,A
S005,2022-05,P0067,162208.6897275925,3.63,2947,55.04,147.35,26.57,A
S005,2022-05,P0094,161947.51543750768,3.62,3349,48.36,158.35,30.19,A
S005,2022-05,P0069,157011.58088130952,3.51,3042,51.61,149.13,33.7,A
S005,2022-05,P0159,156172.89184684752,3.49,2808,55.62,143.26,37.19,A
S005,2022-05,P0178,154818.08375644687,3.46,2942,52.62,133.48,40.65,A
S005,2022-05,P0116,154537.86206188204,3.45,2700,57.24,130.52,44.1,A
S005,2022-05,P0083,152858.3893424988,3.42,2690,56.82,133.84,47.52,A
S005,2022-05,P0187,152625.30799789427,3.41,3024,50.47,143.90,50.93,A
S005,2022-05,P0129,151708.20366020204,3.39,3005,50.49,152.74,54.32,A
S005,2022-05,P0016,151409.04956445697,3.38,2767,54.72,149.39,57.71,A
S005,2022-05,P0046,149418.62556352618,3.34,2899,51.54,138.77,61.05,A
S005,2022-05,P0126,145562.69565215113,3.25,3052,47.69,151.19,64.3,A
S005,2022-05,P0125,144940.83030605316,3.24,2727,53.15,136.97,67.54,A
S005,2022-05,P0057,143125.82076835638,3.2,2747,52.1,142.45,70.74,A
S005,2022-05,P0070,141191.38323869708,3.16,2864,49.3,149.52,73.9,A
S005,2022-05,P0183,139547.15523757934,3.12,2954,47.24,143.00,77.01,A
S005,2022-05,P0171,136912.6418431282,3.06,2612,52.42,123.71,80.08,B
S005,2022-05,P0133,136515.53741049767,3.05,3048,44.79,157.71,83.13,B
S005,2022-05,P0175,135700.08746013642,3.03,2948,46.03,151.19,86.16,B
S005,2022-05,P0061,135598.513724947,3.03,2861,47.4,148.81,89.19,B
S005,2022-05,P0031,133504.23949337006,2.98,2849,46.86,132.16,92.18,B
S005,2022-05,P0085,121710.17552728654,2.72,2633,46.22,140.35,94.9,B
S005,2022-05,P0096,116330.46906809807,2.6,2547,45.67,126.19,97.5,C
S005,2022-05,P0068,112005.08813467027,2.5,2234,50.14,124.00,100,C
S005,2022-06,P0166,190531.82780361176,4.47,3463,55.02,161.00,4.47,A
S005,2022-06,P0067,165722.27068786623,3.89,2963,55.93,145.03,8.36,A
S005,2022-06,P0159,164318.6122186661,3.85,2748,59.8,137.70,12.21,A
S005,2022-06,P0153,158404.49574050904,3.72,2891,54.79,139.33,15.92,A
S005,2022-06,P0061,156745.51774644852,3.68,2916,53.75,152.03,19.6,A
S005,2022-06,P0057,154342.86374711993,3.62,2778,55.56,152.33,23.22,A
S005,2022-06,P0016,153956.99667086598,3.61,2699,57.04,143.17,26.83,A
S005,2022-06,P0126,152473.2770515442,3.58,2625,58.09,133.67,30.41,A
S005,2022-06,P0046,149363.16931514742,3.5,2642,56.53,140.67,33.91,A
S005,2022-06,P0116,149044.08087282183,3.5,2818,52.89,146.67,37.41,A
S005,2022-06,P0094,148894.29840803146,3.49,3382,44.03,160.20,40.9,A
S005,2022-06,P0178,147786.25715446472,3.47,3166,46.68,151.20,44.37,A
S005,2022-06,P0096,147718.07764353752,3.46,2925,50.5,144.93,47.83,A
S005,2022-06,P0079,146451.41846117974,3.43,2852,51.35,156.60,51.26,A
S005,2022-06,P0149,144214.05238933564,3.38,2706,53.29,139.53,54.65,A
S005,2022-06,P0171,142949.26177606586,3.35,2583,55.34,137.73,58,A
S005,2022-06,P0133,141360.86624855996,3.32,2722,51.93,145.80,61.32,A
S005,2022-06,P0069,140548.75501980778,3.3,2837,49.54,132.87,64.61,A
S005,2022-06,P0066,137022.887465477,3.21,2543,53.88,135.53,67.83,A
S005,2022-06,P0125,136177.84873657225,3.19,2525,53.93,133.27,71.02,A
S005,2022-06,P0068,135110.7051999092,3.17,2583,52.31,137.67,74.19,A
S005,2022-06,P0083,130267.48706550601,3.06,2579,50.51,144.30,77.24,A
S005,2022-06,P0175,130132.08680372238,3.05,2807,46.36,142.97,80.3,B
S005,2022-06,P0129,128269.74250173569,3.01,2755,46.56,142.80,83.3,B
S005,2022-06,P0085,123910.99977760314,2.91,2746,45.12,136.40,86.21,B
S005,2022-06,P0070,122560.08322811127,2.87,2601,47.12,136.40,89.09,B
S005,2022-06,P0183,120470.9937423706,2.83,2563,47,129.20,91.91,B
S005,2022-06,P0187,120367.78648452759,2.82,2785,43.22,140.63,94.73,B
S005,2022-06,P0031,117780.34310035704,2.76,2670,44.11,138.37,97.5,C
S005,2022-06,P0017,106740.77043018342,2.5,2560,41.7,125.27,100,C
S005,2022-07,P0126,177944.82204589847,4.11,2851,62.41,147.55,4.11,A
S005,2022-07,P0166,177236.6025485993,4.1,3459,51.24,167.06,8.21,A
S005,2022-07,P0133,169021.52651329042,3.91,2717,62.21,134.19,12.12,A
S005,2022-07,P0070,161862.15494470595,3.74,3058,52.93,146.23,15.86,A
S005,2022-07,P0046,161853.19467740058,3.74,3200,50.58,147.74,19.6,A
S005,2022-07,P0178,161836.12345304491,3.74,2971,54.47,138.81,23.34,A
S005,2022-07,P0066,161128.6331111908,3.73,2774,58.09,136.77,27.07,A
S005,2022-07,P0067,152542.5529729843,3.53,3035,50.26,152.65,30.6,A
S005,2022-07,P0159,152514.14743232724,3.53,2692,56.65,135.45,34.12,A
S005,2022-07,P0096,151754.76748542784,3.51,2734,55.51,144.68,37.63,A
S005,2022-07,P0068,149769.51304969785,3.46,2709,55.29,138.48,41.09,A
S005,2022-07,P0094,149196.8484810829,3.45,3712,40.19,169.39,44.54,A
S005,2022-07,P0069,149139.68478565215,3.45,2842,52.48,145.68,47.99,A
S005,2022-07,P0187,147597.318567276,3.41,2945,50.12,149.58,51.4,A
S005,2022-07,P0061,147433.40869426727,3.41,2951,49.96,144.00,54.81,A
S005,2022-07,P0083,146355.49826745986,3.38,2661,55,134.48,58.19,A
S005,2022-07,P0149,142062.01455335616,3.28,2731,52.02,136.90,61.48,A
S005,2022-07,P0129,138994.84367580415,3.21,2765,50.27,129.45,64.69,A
S005,2022-07,P0125,136543.80999679567,3.16,2708,50.42,136.68,67.85,A
S005,2022-07,P0016,136246.99901056293,3.15,2953,46.14,147.35,71,A
S005,2022-07,P0017,135662.21209440232,3.14,3045,44.55,152.23,74.13,A
S005,2022-07,P0057,134023.31213526725,3.1,2645,50.67,133.87,77.23,A
S005,2022-07,P0116,133261.5441806793,3.08,2596,51.33,121.03,80.31,B
S005,2022-07,P0183,133146.59183111193,3.08,2712,49.1,142.77,83.39,B
S005,2022-07,P0153,130581.05260801315,3.02,2805,46.55,133.19,86.41,B
S005,2022-07,P0031,129425.60913829801,2.99,2398,53.97,132.32,89.4,B
S005,2022-07,P0171,124232.3861629486,2.87,2418,51.38,129.77,92.27,B
S005,2022-07,P0085,123013.317720747,2.84,2643,46.54,137.74,95.12,C
S005,2022-07,P0175,108459.19377069472,2.51,2462,44.05,128.84,97.63,C
S005,2022-07,P0079,102725.42382245063,2.37,2486,41.32,139.90,100,C
S005,2022-08,P0125,182117.73931846622,4.44,2992,60.87,146.19,4.44,A
S005,2022-08,P0046,165300.07392911913,4.03,3145,52.56,152.84,8.47,A
S005,2022-08,P0129,162465.89844799042,3.96,2892,56.18,145.03,12.44,A
S005,2022-08,P0016,159020.21099004746,3.88,2714,58.59,144.81,16.32,A
S005,2022-08,P0096,158867.79850287436,3.87,2887,55.03,150.03,20.19,A
S005,2022-08,P0094,158648.58356199265,3.87,3149,50.38,154.26,24.06,A
S005,2022-08,P0116,154990.60690288543,3.78,3147,49.25,148.77,27.84,A
S005,2022-08,P0153,154196.79223055838,3.76,2941,52.43,132.06,31.6,A
S005,2022-08,P0061,150787.6412218094,3.68,2980,50.6,149.45,35.28,A
S005,2022-08,P0057,148667.98045310978,3.63,3099,47.97,153.00,38.91,A
S005,2022-08,P0175,146042.1975187302,3.56,2811,51.95,151.84,42.47,A
S005,2022-08,P0166,145465.35860414503,3.55,2859,50.88,138.77,46.02,A
S005,2022-08,P0070,144501.15095996857,3.52,2767,52.22,141.48,49.54,A
S005,2022-08,P0067,140216.68976078037,3.42,2692,52.09,132.71,52.96,A
S005,2022-08,P0171,140058.84191727638,3.42,2533,55.29,141.32,56.38,A
S005,2022-08,P0187,138311.61078052522,3.37,2893,47.81,138.32,59.75,A
S005,2022-08,P0066,132773.85224084853,3.24,3090,42.97,147.94,62.99,A
S005,2022-08,P0069,129596.1147187233,3.16,2808,46.15,135.19,66.15,A
S005,2022-08,P0126,129212.1974032402,3.15,2704,47.79,140.13,69.3,A
S005,2022-08,P0133,126185.52682352069,3.08,2803,45.02,143.74,72.38,A
S005,2022-08,P0068,121901.8030831337,2.97,2542,47.96,128.39,75.35,A
S005,2022-08,P0178,119064.95577139857,2.9,2782,42.8,137.97,78.26,A
S005,2022-08,P0031,117916.75714321138,2.88,2501,47.15,135.26,81.13,B
S005,2022-08,P0183,115065.85703964233,2.81,2550,45.12,132.32,83.94,B
S005,2022-08,P0083,114585.3750041008,2.79,2578,44.45,130.16,86.73,B
S005,2022-08,P0079,114118.85448303222,2.78,2789,40.92,131.16,89.52,B
S005,2022-08,P0149,113284.65764751435,2.76,2654,42.68,132.06,92.28,B
S005,2022-08,P0159,108687.23957767487,2.65,2319,46.87,123.00,94.93,B
S005,2022-08,P0017,106717.07657022474,2.6,2634,40.52,133.55,97.53,C
S005,2022-08,P0085,101116.08257966043,2.47,2291,44.14,114.45,100,C
S005,2022-09,P0096,178105.95311355594,4.19,2909,61.23,153.10,4.19,A
S005,2022-09,P0149,167933.4474012375,3.95,3137,53.53,153.73,8.14,A
S005,2022-09,P0069,163675.77381076812,3.85,2920,56.05,153.37,11.99,A
S005,2022-09,P0070,158351.20737247463,3.72,2770,57.17,141.90,15.71,A
S005,2022-09,P0067,154266.39622173313,3.63,2962,52.08,148.67,19.34,A
S005,2022-09,P0153,153767.81286163328,3.62,3092,49.73,148.07,22.95,A
S005,2022-09,P0017,150698.25591316223,3.54,2823,53.38,152.60,26.5,A
S005,2022-09,P0083,148455.7284335613,3.49,2630,56.45,135.03,29.99,A
S005,2022-09,P0166,145647.02585725786,3.42,2739,53.18,136.50,33.41,A
S005,2022-09,P0183,144799.0011258125,3.4,3025,47.87,146.87,36.82,A
S005,2022-09,P0125,143864.7037479401,3.38,2605,55.23,135.73,40.2,A
S005,2022-09,P0061,143597.47447953222,3.38,2636,54.48,136.30,43.58,A
S005,2022-09,P0187,141755.77457828523,3.33,2733,51.87,154.03,46.91,A
S005,2022-09,P0126,141348.79399890895,3.32,2780,50.84,151.53,50.23,A
S005,2022-09,P0031,141329.7700079918,3.32,2973,47.54,150.23,53.56,A
S005,2022-09,P0094,140152.93750834465,3.3,2852,49.14,143.53,56.85,A
S005,2022-09,P0085,140131.20177612305,3.3,2462,56.92,132.97,60.15,A
S005,2022-09,P0057,139280.98898181913,3.28,2664,52.28,134.37,63.42,A
S005,2022-09,P0079,138915.59896240235,3.27,2967,46.82,149.70,66.69,A
S005,2022-09,P0129,138096.67684922216,3.25,3006,45.94,149.60,69.94,A
S005,2022-09,P0066,137048.409526062,3.22,2841,48.24,137.07,73.16,A
S005,2022-09,P0046,136882.0059627533,3.22,2780,49.24,141.10,76.38,A
S005,2022-09,P0159,132844.0893726349,3.12,2785,47.7,146.10,79.5,A
S005,2022-09,P0133,132736.5051056862,3.12,2776,47.82,148.30,82.62,B
S005,2022-09,P0178,130821.99694786075,3.08,2878,45.46,139.00,85.7,B
S005,2022-09,P0175,130121.7586880207,3.06,2719,47.86,140.40,88.76,B
S005,2022-09,P0016,125781.37664041521,2.96,2646,47.54,131.10,91.72,B
S005,2022-09,P0116,121346.72018270493,2.85,2713,44.73,139.30,94.57,B
S005,2022-09,P0171,121088.10023403168,2.85,2592,46.72,141.30,97.42,C
S005,2022-09,P0068,109811.01704711912,2.58,2623,41.86,146.13,100,C
S005,2022-10,P0126,177942.28687973018,4.24,2943,60.46,138.00,4.24,A
S005,2022-10,P0133,162121.62610764508,3.87,3048,53.19,153.48,8.11,A
S005,2022-10,P0129,158656.96963205337,3.78,2978,53.28,151.48,11.89,A
S005,2022-10,P0016,155513.63921766283,3.71,2809,55.36,142.55,15.6,A
S005,2022-10,P0094,150069.08553509714,3.58,3026,49.59,146.10,19.18,A
S005,2022-10,P0085,149530.02686719893,3.57,2680,55.79,130.94,22.75,A
S005,2022-10,P0061,149385.82830104828,3.56,3109,48.05,153.81,26.31,A
S005,2022-10,P0031,149006.98264656067,3.55,2799,53.24,137.81,29.87,A
S005,2022-10,P0067,148728.0064525604,3.55,2932,50.73,152.71,33.41,A
S005,2022-10,P0066,147341.31094026566,3.51,2890,50.98,144.77,36.93,A
S005,2022-10,P0171,147194.90748806004,3.51,2710,54.32,136.03,40.44,A
S005,2022-10,P0178,147025.1955558777,3.51,2818,52.17,137.74,43.94,A
S005,2022-10,P0116,143042.1795492172,3.41,2748,52.05,129.94,47.35,A
S005,2022-10,P0017,142864.0563856602,3.41,2976,48.01,130.77,50.76,A
S005,2022-10,P0159,142058.57568616865,3.39,2741,51.83,130.74,54.15,A
S005,2022-10,P0096,139780.88016166686,3.33,2925,47.79,138.19,57.48,A
S005,2022-10,P0166,139440.3736507416,3.33,2779,50.18,145.52,60.81,A
S005,2022-10,P0079,138800.69173827168,3.31,2794,49.68,133.26,64.12,A
S005,2022-10,P0069,138112.76888122558,3.29,2463,56.08,134.94,67.41,A
S005,2022-10,P0183,137416.8998410225,3.28,2637,52.11,133.48,70.69,A
S005,2022-10,P0187,137002.54846172335,3.27,2814,48.69,136.00,73.96,A
S005,2022-10,P0046,136223.99830398563,3.25,3130,43.52,156.10,77.21,A
S005,2022-10,P0083,135752.2379425049,3.24,2756,49.26,134.58,80.45,B
S005,2022-10,P0125,129264.97676687241,3.08,2755,46.92,132.74,83.53,B
S005,2022-10,P0149,127992.4625947952,3.05,2603,49.17,139.90,86.58,B
S005,2022-10,P0068,126150.80726366045,3.01,2500,50.46,131.55,89.59,B
S005,2022-10,P0153,116746.43197059628,2.78,2664,43.82,142.03,92.37,B
S005,2022-10,P0070,109820.89777135848,2.62,2562,42.87,137.19,94.99,B
S005,2022-10,P0175,106436.69866828919,2.54,2556,41.64,130.48,97.53,C
S005,2022-10,P0057,103513.18815546033,2.47,2744,37.72,141.90,100,C
S005,2022-11,P0126,249478.4206134796,5.18,3873,64.41,186.53,5.18,A
S005,2022-11,P0046,227226.38210573196,4.71,4225,53.78,201.73,9.89,A
S005,2022-11,P0066,221816.13038349152,4.6,3752,59.12,167.93,14.49,A
S005,2022-11,P0125,202320.9149892807,4.2,3856,52.47,185.93,18.69,A
S005,2022-11,P0069,191187.75234470362,3.97,3877,49.31,174.87,22.66,A
S005,2022-11,P0057,187176.74493227003,3.88,4074,45.94,190.87,26.54,A
S005,2022-11,P0178,183011.00600929264,3.8,3627,50.46,170.93,30.34,A
S005,2022-11,P0133,177609.42668972016,3.69,3584,49.56,156.13,34.02,A
S005,2022-11,P0187,177559.295140934,3.68,4089,43.42,175.47,37.71,A
S005,2022-11,P0061,176337.28946423528,3.66,3858,45.71,188.77,41.37,A
S005,2022-11,P0016,175739.030065918,3.65,3902,45.04,174.27,45.01,A
S005,2022-11,P0166,169183.13708777426,3.51,2876,58.83,132.93,48.52,A
S005,2022-11,P0183,153275.90378875728,3.18,2760,55.53,137.73,51.7,A
S005,2022-11,P0171,148544.46678485873,3.08,2758,53.86,148.90,54.79,A
S005,2022-11,P0153,146575.07841787336,3.04,2885,50.81,147.20,57.83,A
S005,2022-11,P0175,145849.2419691086,3.03,2731,53.41,136.20,60.85,A
S005,2022-11,P0031,142768.09374222756,2.96,2745,52.01,143.43,63.82,A
S005,2022-11,P0149,140244.4038025379,2.91,2861,49.02,150.93,66.73,A
S005,2022-11,P0085,140212.21517448424,2.91,2770,50.62,140.47,69.64,A
S005,2022-11,P0067,139723.5632431507,2.9,3076,45.42,153.90,72.53,A
S005,2022-11,P0068,138817.62301263813,2.88,2503,55.46,129.23,75.42,A
S005,2022-11,P0116,135397.70751523972,2.81,2700,50.15,146.97,78.22,A
S005,2022-11,P0129,135366.2747452259,2.81,2637,51.33,137.40,81.03,B
S005,2022-11,P0017,134255.9012266159,2.79,2693,49.85,142.90,83.82,B
S005,2022-11,P0094,131873.35823802947,2.74,2758,47.81,140.73,86.56,B
S005,2022-11,P0083,131285.69646205902,2.72,2701,48.61,123.50,89.28,B
S005,2022-11,P0159,130461.4443581581,2.71,2578,50.61,136.37,91.99,B
S005,2022-11,P0096,130318.51937885283,2.7,2574,50.63,138.50,94.69,B
S005,2022-11,P0079,128633.62507157326,2.67,2668,48.21,139.57,97.36,C
S005,2022-11,P0070,127281.60326919556,2.64,2959,43.02,147.47,100,C
S005,2022-12,P0046,236709.09339103702,4.81,4379,54.06,193.45,4.81,A
S005,2022-12,P0069,230648.24520168308,4.69,4565,50.53,205.97,9.5,A
S005,2022-12,P0187,203372.36405186652,4.14,3862,52.66,171.97,13.64,A
S005,2022-12,P0126,203348.73349905014,4.13,4006,50.76,178.52,17.77,A
S005,2022-12,P0125,197350.51732921603,4.01,3842,51.37,179.77,21.79,A
S005,2022-12,P0178,197247.1746442318,4.01,3894,50.65,175.61,25.8,A
S005,2022-12,P0066,194438.6615508079,3.95,3793,51.26,173.35,29.75,A
S005,2022-12,P0133,185447.35661964415,3.77,4261,43.52,180.74,33.52,A
S005,2022-12,P0057,181194.87585058218,3.68,3521,51.46,171.81,37.21,A
S005,2022-12,P0016,181060.2016237259,3.68,3575,50.65,162.32,40.89,A
S005,2022-12,P0061,170534.24905633935,3.47,3773,45.2,164.97,44.35,A
S005,2022-12,P0017,160708.7673883438,3.27,2935,54.76,139.58,47.62,A
S005,2022-12,P0116,158961.64278297423,3.23,2897,54.87,146.84,50.85,A
S005,2022-12,P0175,158578.08707618713,3.22,2675,59.28,129.65,54.08,A
S005,2022-12,P0166,158256.06309223175,3.22,2890,54.76,143.03,57.3,A
S005,2022-12,P0153,157696.44613809584,3.21,3097,50.92,146.55,60.5,A
S005,2022-12,P0031,151670.44047737122,3.08,2604,58.25,132.03,63.59,A
S005,2022-12,P0067,149191.36871261595,3.03,2815,53,137.13,66.62,A
S005,2022-12,P0068,148190.51533088688,3.01,2740,54.08,131.29,69.63,A
S005,2022-12,P0079,145022.13308658602,2.95,2760,52.54,136.48,72.58,A
S005,2022-12,P0159,142388.95804691315,2.9,2522,56.46,122.19,75.48,A
S005,2022-12,P0094,141455.5450864792,2.88,2743,51.57,142.19,78.35,A
S005,2022-12,P0149,139469.99451236724,2.84,3252,42.89,152.55,81.19,B
S005,2022-12,P0085,138962.11476001743,2.83,2405,57.78,123.26,84.02,B
S005,2022-12,P0096,138872.95680675507,2.82,3049,45.55,135.65,86.84,B
S005,2022-12,P0183,136724.955402565,2.78,2728,50.12,137.71,89.62,B
S005,2022-12,P0083,136665.02500276567,2.78,2890,47.29,150.97,92.4,B
S005,2022-12,P0129,136526.4706998825,2.78,2835,48.16,127.16,95.18,C
S005,2022-12,P0070,120113.41910877227,2.44,2724,44.09,138.81,97.62,C
S005,2022-12,P0171,117168.93169269564,2.38,2585,45.33,137.03,100,C
S005,2023-01,P0069,257843.97476539615,5.05,4416,58.39,195.35,5.05,A
S005,2023-01,P0046,242334.53917942054,4.75,4443,54.54,199.42,9.8,A
S005,2023-01,P0178,239923.3493972778,4.7,4048,59.27,182.48,14.5,A
S005,2023-01,P0125,224302.02014989857,4.39,4090,54.84,173.45,18.89,A
S005,2023-01,P0066,219976.47483439444,4.31,4104,53.6,180.84,23.2,A
S005,2023-01,P0061,209981.96261205673,4.11,4125,50.9,177.87,27.31,A
S005,2023-01,P0016,197578.1538784027,3.87,3549,55.67,159.13,31.18,A
S005,2023-01,P0187,197421.53184022903,3.87,3933,50.2,169.84,35.05,A
S005,2023-01,P0057,193551.54908480644,3.79,4204,46.04,194.45,38.84,A
S005,2023-01,P0133,187245.78969717026,3.67,3652,51.27,151.74,42.51,A
S005,2023-01,P0079,168497.4142503738,3.3,2832,59.5,142.55,45.81,A
S005,2023-01,P0129,166859.9193766594,3.27,3050,54.71,146.97,49.08,A
S005,2023-01,P0116,163486.5937128067,3.2,2786,58.68,140.48,52.28,A
S005,2023-01,P0017,163261.79202814103,3.2,3189,51.2,154.58,55.48,A
S005,2023-01,P0159,162993.582655716,3.19,2824,57.72,141.23,58.67,A
S005,2023-01,P0126,161008.79309291844,3.15,3656,44.04,172.65,61.83,A
S005,2023-01,P0096,156562.1928440094,3.07,2618,59.8,140.00,64.9,A
S005,2023-01,P0068,154868.30685291288,3.03,2861,54.13,134.32,67.93,A
S005,2023-01,P0166,152786.7722705841,2.99,3155,48.43,152.16,70.92,A
S005,2023-01,P0183,147729.24680318832,2.89,3141,47.03,146.39,73.82,A
S005,2023-01,P0094,147542.88313760754,2.89,2925,50.44,142.52,76.71,A
S005,2023-01,P0171,147338.56511716841,2.89,2953,49.89,151.26,79.59,A
S005,2023-01,P0031,144961.41155338287,2.84,2762,52.48,139.90,82.43,B
S005,2023-01,P0067,141799.2919960022,2.78,2878,49.27,151.68,85.21,B
S005,2023-01,P0083,140781.91916046143,2.76,2946,47.79,137.61,87.97,B
S005,2023-01,P0153,132230.79070663452,2.59,3002,44.05,145.84,90.56,B
S005,2023-01,P0149,127093.06499586107,2.49,2523,50.37,133.39,93.05,B
S005,2023-01,P0175,123747.05589962006,2.42,2539,48.74,124.81,95.47,C
S005,2023-01,P0085,121040.95313615799,2.37,2593,46.68,127.32,97.84,C
S005,2023-01,P0070,110116.22666521075,2.16,2654,41.49,139.48,100,C
S005,2023-02,P0069,226661.47515335085,5.04,3745,60.52,187.61,5.04,A
S005,2023-02,P0126,208617.8746459007,4.64,3806,54.81,187.68,9.69,A
S005,2023-02,P0057,207250.3787179947,4.61,3718,55.74,175.82,14.3,A
S005,2023-02,P0187,197506.05662803652,4.4,3753,52.63,175.07,18.7,A
S005,2023-02,P0046,189349.2427591324,4.21,3699,51.19,177.07,22.91,A
S005,2023-02,P0178,182453.36944255827,4.06,3619,50.42,179.39,26.97,A
S005,2023-02,P0016,179863.16204442977,4,3590,50.1,176.89,30.97,A
S005,2023-02,P0061,179182.9580265045,3.99,4088,43.83,193.93,34.96,A
S005,2023-02,P0133,176156.22619857788,3.92,3638,48.42,186.25,38.88,A
S005,2023-02,P0066,169305.15478687285,3.77,3541,47.81,173.39,42.65,A
S005,2023-02,P0129,164590.3204256058,3.66,2718,60.56,151.39,46.31,A
S005,2023-02,P0125,160683.69619264602,3.58,3327,48.3,178.75,49.89,A
S005,2023-02,P0183,158766.31429185867,3.53,2565,61.9,145.61,53.42,A
S005,2023-02,P0070,156839.9409536362,3.49,2630,59.63,142.25,56.92,A
S005,2023-02,P0094,150094.2777164459,3.34,2724,55.1,147.14,60.26,A
S005,2023-02,P0153,137354.34901571274,3.06,2423,56.69,133.64,63.31,A
S005,2023-02,P0068,133107.8930831909,2.96,2636,50.5,150.57,66.28,A
S005,2023-02,P0116,132344.18792543412,2.95,2594,51.02,150.29,69.22,A
S005,2023-02,P0067,130414.23944525718,2.9,2505,52.06,141.43,72.12,A
S005,2023-02,P0175,128344.9967704773,2.86,2330,55.08,128.68,74.98,A
S005,2023-02,P0031,126350.29473381041,2.81,2496,50.62,142.04,77.79,A
S005,2023-02,P0079,118429.91483898165,2.64,2403,49.28,141.14,80.43,B
S005,2023-02,P0083,118012.4532008171,2.63,2450,48.17,130.93,83.05,B
S005,2023-02,P0017,115490.00621914864,2.57,2720,42.46,138.21,85.62,B
S005,2023-02,P0096,114140.89030666351,2.54,2597,43.95,139.21,88.17,B
S005,2023-02,P0166,113160.31304526329,2.52,2502,45.23,129.21,90.68,B
S005,2023-02,P0085,110221.0664604187,2.45,2340,47.1,126.36,93.14,B
S005,2023-02,P0159,107705.62120409012,2.4,2381,45.24,128.14,95.53,C
S005,2023-02,P0149,104692.70525527,2.33,2277,45.98,119.68,97.86,C
S005,2023-02,P0171,95966.8798078537,2.14,2208,43.46,132.96,100,C
S005,2023-03,P0096,170018.01233539582,3.95,3128,54.35,143.39,3.95,A
S005,2023-03,P0116,164577.88191661835,3.82,2892,56.91,141.00,7.77,A
S005,2023-03,P0017,164342.69826135636,3.82,3233,50.83,146.06,11.58,A
S005,2023-03,P0129,162089.22296962736,3.76,3026,53.57,140.13,15.35,A
S005,2023-03,P0067,161780.09509916304,3.76,3181,50.86,159.87,19.1,A
S005,2023-03,P0061,160681.77610912322,3.73,3017,53.26,144.39,22.83,A
S005,2023-03,P0178,160307.0111427307,3.72,3355,47.78,158.58,26.55,A
S005,2023-03,P0016,159885.35614047054,3.71,3152,50.73,135.29,30.27,A
S005,2023-03,P0079,154591.19241600035,3.59,2834,54.55,141.48,33.85,A
S005,2023-03,P0031,152038.16765003203,3.53,2797,54.36,139.74,37.38,A
S005,2023-03,P0133,150111.2195020676,3.48,2961,50.7,143.61,40.87,A
S005,2023-03,P0066,147297.6829946518,3.42,2679,54.98,129.10,44.29,A
S005,2023-03,P0085,146624.41247501376,3.4,2946,49.77,142.77,47.69,A
S005,2023-03,P0070,146469.3185388565,3.4,2889,50.7,150.16,51.09,A
S005,2023-03,P0094,143300.23857507706,3.33,3131,45.77,158.13,54.42,A
S005,2023-03,P0069,143222.27681102752,3.32,2827,50.66,130.03,57.74,A
S005,2023-03,P0126,138923.91960797308,3.23,2911,47.72,155.58,60.97,A
S005,2023-03,P0083,137880.45515084267,3.2,2527,54.56,142.06,64.17,A
S005,2023-03,P0171,134818.6469992161,3.13,2747,49.08,132.00,67.3,A
S005,2023-03,P0046,134553.58259525298,3.12,2672,50.36,137.03,70.42,A
S005,2023-03,P0149,133541.50707998278,3.1,2746,48.63,128.68,73.52,A
S005,2023-03,P0183,130948.59149436951,3.04,2858,45.82,134.94,76.56,A
S005,2023-03,P0166,130751.21363897325,3.04,2879,45.42,141.97,79.6,A
S005,2023-03,P0175,129578.03260116579,3.01,2724,47.57,127.39,82.61,B
S005,2023-03,P0153,128644.33420114518,2.99,2915,44.13,129.19,85.59,B
S005,2023-03,P0057,127596.75926313401,2.96,2890,44.15,152.71,88.56,B
S005,2023-03,P0068,127157.08714790345,2.95,2553,49.81,126.74,91.51,B
S005,2023-03,P0187,126282.2802681923,2.93,2960,42.66,142.68,94.44,B
S005,2023-03,P0125,121249.79371805192,2.81,2947,41.14,140.29,97.25,C
S005,2023-03,P0159,118255.43780694008,2.75,2666,44.36,137.58,100,C
S005,2023-04,P0166,188561.56373033527,4.26,3072,61.38,166.50,4.26,A
S005,2023-04,P0178,185873.43587951662,4.2,3096,60.04,148.07,8.47,A
S005,2023-04,P0057,184810.85651302335,4.18,3183,58.06,149.97,12.65,A
S005,2023-04,P0031,173704.31768398284,3.93,2900,59.9,139.57,16.58,A
S005,2023-04,P0126,161576.5376356125,3.65,3075,52.55,145.63,20.23,A
S005,2023-04,P0061,160243.23298835754,3.62,2833,56.56,143.20,23.85,A
S005,2023-04,P0149,154116.84619016646,3.49,2796,55.12,139.97,27.34,A
S005,2023-04,P0175,154088.4939878464,3.48,3202,48.12,156.87,30.82,A
S005,2023-04,P0171,153907.42818937302,3.48,2811,54.75,147.50,34.31,A
S005,2023-04,P0066,153612.12577257157,3.47,2616,58.72,131.80,37.78,A
S005,2023-04,P0069,153260.9076197624,3.47,2980,51.43,150.70,41.25,A
S005,2023-04,P0067,153028.40544643402,3.46,3098,49.4,146.53,44.71,A
S005,2023-04,P0068,152584.56403045653,3.45,2800,54.49,144.63,48.16,A
S005,2023-04,P0116,152419.82165002823,3.45,2899,52.58,148.33,51.6,A
S005,2023-04,P0129,150878.3420651436,3.41,2902,51.99,155.60,55.02,A
S005,2023-04,P0083,146507.3176246643,3.31,2952,49.63,138.87,58.33,A
S005,2023-04,P0133,145773.06230907442,3.3,2713,53.73,130.90,61.63,A
S005,2023-04,P0017,145027.34058904648,3.28,2503,57.94,119.57,64.91,A
S005,2023-04,P0046,139081.84089860917,3.15,2588,53.74,125.77,68.05,A
S005,2023-04,P0153,138982.22174224854,3.14,2718,51.13,141.30,71.19,A
S005,2023-04,P0016,135559.9750248432,3.07,2648,51.19,137.17,74.26,A
S005,2023-04,P0183,134869.56593732833,3.05,2580,52.28,124.50,77.31,A
S005,2023-04,P0079,134215.42605428692,3.04,2745,48.89,134.30,80.35,B
S005,2023-04,P0094,132230.13203430176,2.99,2763,47.86,150.47,83.34,B
S005,2023-04,P0187,129866.86681194304,2.94,2585,50.24,131.43,86.27,B
S005,2023-04,P0085,125476.95004186631,2.84,2690,46.65,140.93,89.11,B
S005,2023-04,P0096,125132.73478155135,2.83,2694,46.45,140.90,91.94,B
S005,2023-04,P0125,123792.46630182269,2.8,2721,45.5,148.57,94.74,B
S005,2023-04,P0070,120326.96099371913,2.72,2414,49.85,136.60,97.46,C
S005,2023-04,P0159,112215.83725171088,2.54,2410,46.56,130.23,100,C
S005,2023-05,P0094,217760.30854415894,4.87,3884,56.07,170.35,4.87,A
S005,2023-05,P0166,215453.73601016996,4.82,3749,57.47,165.52,9.69,A
S005,2023-05,P0133,191896.8448438644,4.29,3158,60.77,147.13,13.98,A
S005,2023-05,P0149,179301.46766576768,4.01,3141,57.08,145.48,17.99,A
S005,2023-05,P0061,172520.54960250854,3.86,3296,52.34,153.16,21.84,A
S005,2023-05,P0079,165457.4729247093,3.7,3107,53.25,142.03,25.54,A
S005,2023-05,P0171,164379.62905435564,3.68,3102,52.99,153.00,29.22,A
S005,2023-05,P0069,159850.56847839354,3.57,3312,48.26,147.52,32.79,A
S005,2023-05,P0057,158489.63545370102,3.54,3305,47.95,150.29,36.34,A
S005,2023-05,P0068,157252.09928264617,3.52,2962,53.09,157.58,39.85,A
S005,2023-05,P0183,156478.03463630675,3.5,2930,53.41,143.94,43.35,A
S005,2023-05,P0129,153949.24078321457,3.44,3003,51.27,143.26,46.79,A
S005,2023-05,P0153,150401.50221004486,3.36,3060,49.15,149.35,50.16,A
S005,2023-05,P0070,148085.77781963348,3.31,2874,51.53,145.71,53.47,A
S005,2023-05,P0116,146084.7904174805,3.27,2993,48.81,131.55,56.74,A
S005,2023-05,P0031,144798.98233299254,3.24,2962,48.89,147.77,59.97,A
S005,2023-05,P0083,141705.63431339266,3.17,2781,50.95,136.10,63.14,A
S005,2023-05,P0066,140755.81573104858,3.15,2618,53.76,133.42,66.29,A
S005,2023-05,P0125,139784.06110010148,3.13,2988,46.78,149.71,69.41,A
S005,2023-05,P0187,139674.46021709443,3.12,2803,49.83,134.87,72.54,A
S005,2023-05,P0175,137933.3709516525,3.08,2623,52.59,136.16,75.62,A
S005,2023-05,P0085,136341.50441446304,3.05,2868,47.54,131.68,78.67,A
S005,2023-05,P0046,132734.70412831308,2.97,2782,47.71,133.94,81.64,B
S005,2023-05,P0096,131891.8484715462,2.95,2898,45.51,146.68,84.59,B
S005,2023-05,P0016,126633.10892639161,2.83,2818,44.94,147.10,87.42,B
S005,2023-05,P0067,116105.12598886491,2.6,2635,44.06,125.84,90.02,B
S005,2023-05,P0159,115673.174582386,2.59,2771,41.74,139.29,92.6,B
S005,2023-05,P0126,114596.98977456092,2.56,2570,44.59,125.61,95.16,C
S005,2023-05,P0178,109694.81697525978,2.45,2723,40.28,128.39,97.62,C
S005,2023-05,P0017,106580.99487838746,2.38,2884,36.96,140.10,100,C
S005,2023-06,P0094,220634.09703769683,5.09,4031,54.73,179.10,5.09,A
S005,2023-06,P0187,175154.40619239808,4.04,2838,61.72,147.87,9.14,A
S005,2023-06,P0166,174569.3908219338,4.03,3666,47.62,166.87,13.17,A
S005,2023-06,P0057,166662.38342170717,3.85,3009,55.39,153.00,17.02,A
S005,2023-06,P0016,159789.68169174195,3.69,2910,54.91,152.50,20.71,A
S005,2023-06,P0061,152729.73184165955,3.53,2786,54.82,134.90,24.24,A
S005,2023-06,P0133,151801.38851604462,3.51,2616,58.03,138.03,27.74,A
S005,2023-06,P0079,148704.29393568035,3.43,2887,51.51,146.57,31.18,A
S005,2023-06,P0031,148589.25329484942,3.43,2898,51.27,142.63,34.61,A
S005,2023-06,P0096,148425.4903751373,3.43,2861,51.88,136.27,38.03,A
S005,2023-06,P0129,148189.57398915288,3.42,2654,55.84,130.33,41.46,A
S005,2023-06,P0125,146912.4441646576,3.39,2985,49.22,147.17,44.85,A
S005,2023-06,P0175,146636.1586475372,3.39,2837,51.69,130.23,48.23,A
S005,2023-06,P0066,143014.28418502808,3.3,2867,49.88,137.37,51.54,A
S005,2023-06,P0083,142247.0233622551,3.28,2949,48.24,146.87,54.82,A
S005,2023-06,P0171,141095.76049089432,3.26,2640,53.45,146.90,58.08,A
S005,2023-06,P0085,139453.33064422605,3.22,2853,48.88,136.70,61.3,A
S005,2023-06,P0068,138885.8215681076,3.21,2701,51.42,143.87,64.51,A
S005,2023-06,P0017,136671.2323830128,3.16,2988,45.74,145.63,67.66,A
S005,2023-06,P0069,135264.14727926254,3.12,2484,54.45,140.40,70.79,A
S005,2023-06,P0159,134309.3833462715,3.1,2678,50.15,132.50,73.89,A
S005,2023-06,P0153,131267.52558937072,3.03,2743,47.86,143.27,76.92,A
S005,2023-06,P0183,130621.48899545669,3.02,2456,53.18,131.40,79.94,A
S005,2023-06,P0149,129297.32340793608,2.99,2675,48.34,134.53,82.92,B
S005,2023-06,P0178,127224.91749773026,2.94,2699,47.14,136.03,85.86,B
S005,2023-06,P0126,126467.1511191368,2.92,2864,44.16,133.47,88.78,B
S005,2023-06,P0070,125188.92962017059,2.89,2666,46.96,144.60,91.67,B
S005,2023-06,P0067,123949.93518085481,2.86,2662,46.56,129.90,94.53,B
S005,2023-06,P0046,118844.54514193535,2.74,2719,43.71,136.80,97.28,C
S005,2023-06,P0116,117879.39726495741,2.72,2817,41.85,141.00,100,C
S005,2023-07,P0166,220501.32783594128,4.99,3834,57.51,176.68,4.99,A
S005,2023-07,P0094,182754.24016218187,4.14,3791,48.21,164.52,9.13,A
S005,2023-07,P0129,176010.85102300643,3.99,3075,57.24,152.48,13.12,A
S005,2023-07,P0126,174554.22258195878,3.95,2992,58.34,142.48,17.07,A
S005,2023-07,P0133,170608.9724304199,3.86,3056,55.83,154.42,20.93,A
S005,2023-07,P0046,162029.00743684766,3.67,2907,55.74,130.39,24.6,A
S005,2023-07,P0061,159523.52431468965,3.61,3251,49.07,156.03,28.21,A
S005,2023-07,P0068,158966.0830940723,3.6,2834,56.09,146.23,31.81,A
S005,2023-07,P0067,156540.672345829,3.54,2810,55.71,142.42,35.36,A
S005,2023-07,P0085,152482.50794324873,3.45,2791,54.63,140.87,38.81,A
S005,2023-07,P0116,149065.41796703343,3.38,2844,52.41,138.45,42.19,A
S005,2023-07,P0017,148140.031917572,3.35,2759,53.69,129.94,45.54,A
S005,2023-07,P0079,147961.74063110352,3.35,3041,48.66,151.26,48.89,A
S005,2023-07,P0149,147942.94166936874,3.35,2887,51.24,142.29,52.24,A
S005,2023-07,P0016,146810.9724176407,3.32,2956,49.67,137.35,55.57,A
S005,2023-07,P0070,143051.74377388952,3.24,3110,46,164.06,58.81,A
S005,2023-07,P0031,142337.0737113953,3.22,2817,50.53,137.61,62.03,A
S005,2023-07,P0178,141890.09604635238,3.21,3005,47.22,142.94,65.24,A
S005,2023-07,P0125,141291.96390104294,3.2,2891,48.87,136.71,68.44,A
S005,2023-07,P0066,140930.56676139834,3.19,2936,48,144.10,71.63,A
S005,2023-07,P0057,139253.95762863162,3.15,2870,48.52,146.55,74.79,A
S005,2023-07,P0069,139135.60158042907,3.15,3060,45.47,146.84,77.94,A
S005,2023-07,P0183,136629.70967321395,3.09,2768,49.36,134.61,81.03,B
S005,2023-07,P0153,133589.11516046524,3.03,2934,45.53,129.23,84.05,B
S005,2023-07,P0096,132075.3998166561,2.99,2958,44.65,132.52,87.05,B
S005,2023-07,P0175,127981.36654434203,2.9,2666,48.01,134.58,89.94,B
S005,2023-07,P0171,122431.69263439177,2.77,2653,46.15,134.94,92.72,B
S005,2023-07,P0083,115443.85641584394,2.61,2903,39.77,145.84,95.33,C
S005,2023-07,P0187,107502.11346492768,2.43,2411,44.59,123.32,97.76,C
S005,2023-07,P0159,98726.87977485657,2.24,2532,38.99,137.32,100,C
S005,2023-08,P0068,176792.51552238464,4.04,3038,58.19,151.81,4.04,A
S005,2023-08,P0129,175424.38460502625,4.01,2913,60.22,148.97,8.04,A
S005,2023-08,P0178,174389.5483151436,3.98,3027,57.61,151.32,12.02,A
S005,2023-08,P0031,174314.22370071412,3.98,3059,56.98,140.90,16,A
S005,2023-08,P0066,165434.3766391754,3.78,3059,54.08,146.90,19.78,A
S005,2023-08,P0096,163009.80917367936,3.72,3004,54.26,155.68,23.5,A
S005,2023-08,P0166,162234.18670196531,3.7,3221,50.37,150.10,27.21,A
S005,2023-08,P0125,159792.50967617036,3.65,2968,53.84,138.81,30.86,A
S005,2023-08,P0079,159361.45237770083,3.64,2857,55.78,144.65,34.49,A
S005,2023-08,P0187,157503.17988033296,3.6,3011,52.31,156.10,38.09,A
S005,2023-08,P0083,156675.26046257018,3.58,3060,51.2,143.32,41.67,A
S005,2023-08,P0094,155041.05713920595,3.54,2950,52.56,142.65,45.21,A
S005,2023-08,P0183,154584.990089798,3.53,2854,54.16,144.10,48.74,A
S005,2023-08,P0133,153065.46228322983,3.49,3201,47.82,157.61,52.23,A
S005,2023-08,P0153,152172.16192884446,3.47,2980,51.06,145.48,55.71,A
S005,2023-08,P0149,149286.31405792234,3.41,2736,54.56,138.29,59.11,A
S005,2023-08,P0061,148652.8372096062,3.39,3072,48.39,145.29,62.51,A
S005,2023-08,P0126,147961.81905317307,3.38,2603,56.84,138.90,65.89,A
S005,2023-08,P0067,143174.64431619647,3.27,3021,47.39,139.58,69.16,A
S005,2023-08,P0069,141540.35127892494,3.23,2794,50.66,144.42,72.39,A
S005,2023-08,P0046,140314.20752964017,3.2,2888,48.59,141.19,75.59,A
S005,2023-08,P0057,130025.38628644943,2.97,2677,48.57,132.68,78.56,A
S005,2023-08,P0171,129734.85363960268,2.96,2850,45.52,134.87,81.52,B
S005,2023-08,P0116,127236.29742546083,2.91,2859,44.5,141.77,84.43,B
S005,2023-08,P0016,119978.26672906875,2.74,2586,46.4,131.45,87.17,B
S005,2023-08,P0017,119622.1145002365,2.73,2748,43.53,134.90,89.9,B
S005,2023-08,P0070,116454.3091607094,2.66,2723,42.77,141.74,92.56,B
S005,2023-08,P0159,115656.56850681304,2.64,2569,45.02,125.68,95.2,C
S005,2023-08,P0085,115220.36124629976,2.63,2514,45.83,133.06,97.83,C
S005,2023-08,P0175,95124.50540170669,2.17,2377,40.02,135.45,100,C
S005,2023-09,P0079,179994.51606645586,4.1,3283,54.83,161.50,4.1,A
S005,2023-09,P0057,164464.08059592248,3.75,3087,53.28,144.17,7.85,A
S005,2023-09,P0046,164175.42037029268,3.74,3064,53.58,149.30,11.6,A
S005,2023-09,P0126,163159.88011188505,3.72,2822,57.82,150.30,15.32,A
S005,2023-09,P0125,160256.19238691326,3.65,2762,58.02,141.23,18.97,A
S005,2023-09,P0166,159954.1413963318,3.65,2950,54.22,134.67,22.62,A
S005,2023-09,P0061,159429.48406305313,3.64,2866,55.63,148.97,26.26,A
S005,2023-09,P0096,158542.48686113357,3.62,3096,51.21,150.13,29.87,A
S005,2023-09,P0094,157219.17800989153,3.59,3128,50.26,143.23,33.46,A
S005,2023-09,P0153,156285.3669184685,3.56,3040,51.41,148.13,37.02,A
S005,2023-09,P0175,148558.33644285199,3.39,2838,52.35,140.83,40.41,A
S005,2023-09,P0016,147779.24522361756,3.37,3054,48.39,140.10,43.78,A
S005,2023-09,P0069,147778.83268709184,3.37,2588,57.1,145.10,47.15,A
S005,2023-09,P0116,145668.9399301529,3.32,2692,54.11,139.17,50.47,A
S005,2023-09,P0017,145601.20578384397,3.32,2749,52.97,143.57,53.79,A
S005,2023-09,P0178,144663.06829051973,3.3,2782,52,143.97,57.09,A
S005,2023-09,P0183,144188.5357963562,3.29,2506,57.54,131.13,60.38,A
S005,2023-09,P0085,143850.6680407524,3.28,2896,49.67,140.97,63.66,A
S005,2023-09,P0129,142778.49861335757,3.26,2779,51.38,146.37,66.91,A
S005,2023-09,P0159,142005.8948490143,3.24,2624,54.12,140.30,70.15,A
S005,2023-09,P0187,135466.28804750444,3.09,2677,50.6,137.50,73.24,A
S005,2023-09,P0149,135109.82765655522,3.08,2566,52.65,140.33,76.32,A
S005,2023-09,P0031,133218.46545310022,3.04,2598,51.28,118.63,79.36,A
S005,2023-09,P0171,131962.1946288109,3.01,2610,50.56,137.30,82.37,B
S005,2023-09,P0066,131491.37186965943,3,2985,44.05,145.20,85.37,B
S005,2023-09,P0070,131129.43602867125,2.99,2889,45.39,151.23,88.36,B
S005,2023-09,P0083,130863.67047200202,2.98,2651,49.36,141.53,91.34,B
S005,2023-09,P0133,129222.6860856056,2.95,2714,47.61,150.17,94.29,B
S005,2023-09,P0068,129060.41677818297,2.94,2505,51.52,115.60,97.23,C
S005,2023-09,P0067,121465.45358190537,2.77,2716,44.72,134.80,100,C
S005,2023-10,P0159,174489.512214756,4.02,3182,54.84,146.74,4.02,A
S005,2023-10,P0149,167557.54305300713,3.86,3089,54.24,151.68,7.89,A
S005,2023-10,P0031,165949.95640373233,3.83,2897,57.28,137.39,11.72,A
S005,2023-10,P0067,161657.20734233857,3.73,2891,55.92,149.42,15.45,A
S005,2023-10,P0129,160014.21604423525,3.69,2933,54.56,154.71,19.14,A
S005,2023-10,P0057,157408.86674318314,3.63,3023,52.07,150.77,22.77,A
S005,2023-10,P0171,154518.5355796814,3.56,2925,52.83,146.00,26.33,A
S005,2023-10,P0061,154419.33040161134,3.56,3018,51.17,139.16,29.89,A
S005,2023-10,P0083,153372.02064466474,3.54,2993,51.24,146.68,33.43,A
S005,2023-10,P0153,151445.31571731565,3.49,3156,47.99,141.65,36.92,A
S005,2023-10,P0070,151123.55592975614,3.49,2842,53.18,132.32,40.41,A
S005,2023-10,P0133,148833.81975460052,3.43,3078,48.35,142.16,43.84,A
S005,2023-10,P0079,147638.55587549208,3.41,2810,52.54,142.94,47.25,A
S005,2023-10,P0068,146859.26302967072,3.39,2596,56.57,124.61,50.64,A
S005,2023-10,P0178,145230.56295137407,3.35,2823,51.45,141.06,53.99,A
S005,2023-10,P0017,144250.32529950142,3.33,2924,49.33,146.77,57.31,A
S005,2023-10,P0126,142027.82218542098,3.28,2838,50.05,135.52,60.59,A
S005,2023-10,P0094,139099.61258916854,3.21,2828,49.19,142.65,63.8,A
S005,2023-10,P0166,138646.0890016079,3.2,2524,54.93,121.42,67,A
S005,2023-10,P0046,136916.81973400118,3.16,2765,49.52,133.16,70.15,A
S005,2023-10,P0085,136679.2887176514,3.15,2312,59.12,116.35,73.31,A
S005,2023-10,P0016,135609.58078889851,3.13,2993,45.31,146.32,76.44,A
S005,2023-10,P0187,133983.49939346313,3.09,3080,43.5,149.35,79.53,A
S005,2023-10,P0096,130384.25493345261,3.01,2797,46.62,126.35,82.53,B
S005,2023-10,P0175,129595.45405092239,2.99,2738,47.33,140.39,85.52,B
S005,2023-10,P0116,129516.84353475571,2.99,2829,45.78,138.87,88.51,B
S005,2023-10,P0125,128373.79549512862,2.96,2548,50.38,123.77,91.47,B
S005,2023-10,P0183,127894.97107772826,2.95,2425,52.74,118.26,94.42,B
S005,2023-10,P0066,122730.39839067459,2.83,2959,41.48,148.87,97.25,C
S005,2023-10,P0069,119142.69521636963,2.75,2663,44.74,132.26,100,C
S005,2023-11,P0178,245286.5227098465,4.85,4370,56.13,199.80,4.85,A
S005,2023-11,P0187,231045.07170267106,4.56,4138,55.83,192.60,9.41,A
S005,2023-11,P0126,229341.12248811722,4.53,4346,52.77,197.37,13.94,A
S005,2023-11,P0016,226145.68448171616,4.47,4150,54.49,190.20,18.41,A
S005,2023-11,P0066,219556.89031848905,4.34,4134,53.11,188.70,22.75,A
S005,2023-11,P0061,208642.9377251625,4.12,4209,49.57,189.53,26.87,A
S005,2023-11,P0125,205746.6419315338,4.06,3722,55.28,172.07,30.93,A
S005,2023-11,P0069,205692.5008050919,4.06,4102,50.14,195.73,35,A
S005,2023-11,P0057,203961.19457240106,4.03,3858,52.87,179.20,39.03,A
S005,2023-11,P0046,201723.6235812187,3.99,3745,53.86,158.30,43.01,A
S005,2023-11,P0133,197398.00521059037,3.9,4018,49.13,176.70,46.91,A
S005,2023-11,P0083,175966.71153259274,3.48,2922,60.22,150.17,50.39,A
S005,2023-11,P0031,164753.936681366,3.25,2759,59.72,136.00,53.64,A
S005,2023-11,P0153,163567.0031475067,3.23,2912,56.17,142.67,56.88,A
S005,2023-11,P0079,160967.3872232437,3.18,2859,56.3,139.97,60.06,A
S005,2023-11,P0166,159928.33520302773,3.16,3055,52.35,153.47,63.22,A
S005,2023-11,P0085,156121.29617710112,3.08,2879,54.23,143.00,66.3,A
S005,2023-11,P0129,154233.38046646118,3.05,2685,57.44,145.63,69.35,A
S005,2023-11,P0017,152681.90132198337,3.02,2997,50.94,155.90,72.36,A
S005,2023-11,P0068,149286.68205957414,2.95,2558,58.36,131.77,75.31,A
S005,2023-11,P0094,139279.21875286102,2.75,2810,49.57,137.03,78.06,A
S005,2023-11,P0116,135971.35298690796,2.69,3126,43.5,146.90,80.75,B
S005,2023-11,P0171,129354.96784076691,2.56,2662,48.59,135.70,83.31,B
S005,2023-11,P0070,128684.33562698365,2.54,2393,53.78,119.77,85.85,B
S005,2023-11,P0096,128324.7723514557,2.54,2713,47.3,140.07,88.38,B
S005,2023-11,P0159,123811.742578125,2.45,2526,49.01,133.17,90.83,B
S005,2023-11,P0183,120965.71809954643,2.39,2686,45.04,147.47,93.22,B
S005,2023-11,P0175,118446.95726385117,2.34,2634,44.97,140.73,95.56,C
S005,2023-11,P0067,115282.2997076988,2.28,2718,42.41,145.17,97.84,C
S005,2023-11,P0149,109457.31713504792,2.16,2521,43.42,128.23,100,C
S005,2023-12,P0125,236732.86373066902,4.59,4145,57.11,187.65,4.59,A
S005,2023-12,P0016,233601.7180272579,4.53,4300,54.33,199.97,9.12,A
S005,2023-12,P0178,232611.65987849238,4.51,3918,59.37,169.35,13.63,A
S005,2023-12,P0133,222012.56866111758,4.3,3930,56.49,176.71,17.93,A
S005,2023-12,P0187,218725.11627206806,4.24,4164,52.53,183.58,22.17,A
S005,2023-12,P0046,214807.40244121558,4.16,4029,53.32,179.58,26.33,A
S005,2023-12,P0126,206949.81428661346,4.01,3650,56.7,169.97,30.34,A
S005,2023-12,P0061,203378.9970063209,3.94,4160,48.89,183.77,34.28,A
S005,2023-12,P0069,194232.06702041626,3.76,3711,52.34,173.71,38.05,A
S005,2023-12,P0066,187495.92181625363,3.63,3900,48.08,180.55,41.68,A
S005,2023-12,P0068,167876.8861383438,3.25,3059,54.88,144.55,44.94,A
S005,2023-12,P0153,166034.3085578919,3.22,3162,52.51,140.45,48.16,A
S005,2023-12,P0085,162500.62667331696,3.15,2908,55.88,132.77,51.31,A
S005,2023-12,P0183,161688.4637281418,3.13,2755,58.69,140.39,54.44,A
S005,2023-12,P0166,159562.91022253036,3.09,2842,56.14,137.94,57.53,A
S005,2023-12,P0067,156371.17749176026,3.03,3120,50.12,153.45,60.56,A
S005,2023-12,P0057,155738.00211267473,3.02,3902,39.91,179.06,63.58,A
S005,2023-12,P0129,153806.3440946579,2.98,3013,51.05,146.23,66.56,A
S005,2023-12,P0171,152814.22086877824,2.96,2758,55.41,140.61,69.53,A
S005,2023-12,P0083,151545.2165854931,2.94,3014,50.28,152.77,72.46,A
S005,2023-12,P0149,149524.5639596939,2.9,2923,51.15,147.81,75.36,A
S005,2023-12,P0175,146629.61319465635,2.84,2479,59.15,134.42,78.2,A
S005,2023-12,P0079,145600.13301963804,2.82,2980,48.86,136.61,81.03,B
S005,2023-12,P0159,145545.5993432999,2.82,2719,53.53,141.26,83.85,B
S005,2023-12,P0094,143555.2712375641,2.78,2946,48.73,144.00,86.63,B
S005,2023-12,P0116,142215.82861852646,2.76,2910,48.87,148.77,89.39,B
S005,2023-12,P0017,141704.25725221634,2.75,2755,51.44,134.55,92.13,B
S005,2023-12,P0070,140952.2653827667,2.73,2432,57.96,119.26,94.86,B
S005,2023-12,P0031,134542.23613700864,2.61,2536,53.05,134.00,97.47,C
S005,2023-12,P0096,130431.36389799116,2.53,2902,44.95,148.23,100,C
